%YAML 1.1
%TAG !u! tag:unity3d.com,2011:
--- !u!1 &833677897538492393
GameObject:
  m_ObjectHideFlags: 0
  m_CorrespondingSourceObject: {fileID: 0}
  m_PrefabInstance: {fileID: 0}
  m_PrefabAsset: {fileID: 0}
  serializedVersion: 6
  m_Component:
  - component: {fileID: 6235041320931597849}
  - component: {fileID: 6392342353659773626}
  - component: {fileID: 3198066819103863595}
  - component: {fileID: 7718215485422007808}
  - component: {fileID: 8446496402735419243}
  - component: {fileID: 5150657355554233856}
  - component: {fileID: 3256902210581389260}
  - component: {fileID: 9170253148162951412}
  m_Layer: 6
  m_Name: Henchmen priests
  m_TagString: Priest
  m_Icon: {fileID: 0}
  m_NavMeshLayer: 0
  m_StaticEditorFlags: 0
  m_IsActive: 1
--- !u!4 &6235041320931597849
Transform:
  m_ObjectHideFlags: 0
  m_CorrespondingSourceObject: {fileID: 0}
  m_PrefabInstance: {fileID: 0}
  m_PrefabAsset: {fileID: 0}
  m_GameObject: {fileID: 833677897538492393}
  m_LocalRotation: {x: 0, y: 0, z: 0, w: 1}
  m_LocalPosition: {x: 0, y: 0, z: 0}
  m_LocalScale: {x: 1, y: 1, z: 1}
  m_Children:
  - {fileID: 7412375718397388005}
  - {fileID: 6281379906756493561}
  m_Father: {fileID: 0}
  m_RootOrder: 0
  m_LocalEulerAnglesHint: {x: 0, y: 0, z: 0}
--- !u!195 &6392342353659773626
NavMeshAgent:
  m_ObjectHideFlags: 0
  m_CorrespondingSourceObject: {fileID: 0}
  m_PrefabInstance: {fileID: 0}
  m_PrefabAsset: {fileID: 0}
  m_GameObject: {fileID: 833677897538492393}
  m_Enabled: 1
  m_AgentTypeID: 0
  m_Radius: 0.01
  m_Speed: 7
  m_Acceleration: 120
  avoidancePriority: 50
  m_AngularSpeed: 8
  m_StoppingDistance: 0
  m_AutoTraverseOffMeshLink: 1
  m_AutoBraking: 1
  m_AutoRepath: 1
  m_Height: 2.7
  m_BaseOffset: 0.1
  m_WalkableMask: 4294967295
  m_ObstacleAvoidanceType: 4
--- !u!114 &3198066819103863595
MonoBehaviour:
  m_ObjectHideFlags: 0
  m_CorrespondingSourceObject: {fileID: 0}
  m_PrefabInstance: {fileID: 0}
  m_PrefabAsset: {fileID: 0}
  m_GameObject: {fileID: 833677897538492393}
  m_Enabled: 1
  m_EditorHideFlags: 0
  m_Script: {fileID: 11500000, guid: 24f4c56b5129e5b4d8c5080f9ca2d9fc, type: 3}
  m_Name: 
  m_EditorClassIdentifier: 
  anim: {fileID: 6629670374693401625}
--- !u!114 &7718215485422007808
MonoBehaviour:
  m_ObjectHideFlags: 0
  m_CorrespondingSourceObject: {fileID: 0}
  m_PrefabInstance: {fileID: 0}
  m_PrefabAsset: {fileID: 0}
  m_GameObject: {fileID: 833677897538492393}
  m_Enabled: 1
  m_EditorHideFlags: 0
  m_Script: {fileID: 11500000, guid: 8ca7657518741cb4e8f7591bc5e01a68, type: 3}
  m_Name: 
  m_EditorClassIdentifier: 
  PriestStat:
    checkingColor: {r: 1, g: 0, b: 0, a: 0}
    checkingRedius: 45
    MovementSpeed: 1.7
    TurnRate: 5
    stunTime: 0.25
    HP: 100
    AttackSpeed: 1
    HeadDamage: 50
    BodyDamage: 30
    LegDamage: 20
  Player: {fileID: 0}
  control: {fileID: 0}
  HealVFX: {fileID: 8208858628660090153}
--- !u!114 &8446496402735419243
MonoBehaviour:
  m_ObjectHideFlags: 0
  m_CorrespondingSourceObject: {fileID: 0}
  m_PrefabInstance: {fileID: 0}
  m_PrefabAsset: {fileID: 0}
  m_GameObject: {fileID: 833677897538492393}
  m_Enabled: 1
  m_EditorHideFlags: 0
  m_Script: {fileID: 11500000, guid: 75cc300e18f1cb54f9a2f355d4818ed4, type: 3}
  m_Name: 
  m_EditorClassIdentifier: 
  GiveCoinCount: 10
  isStunned: 0
  isDead: 0
  anim: {fileID: 4302863486945858834}
  stun: {fileID: 4229709066367425982}
  SoulParticle: {fileID: 8953790756737224454, guid: df86dacfae2f9c5478de2ca840bd7f63, type: 3}
  MeshRender: {fileID: 8102262855352608652}
  GFXRender: {fileID: 8294299698844212020}
  partical: {fileID: 541251461453011851}
  headPosition: {fileID: 7148834608004578764}
  HealthBar: {fileID: 7042477266397913115}
  USpeed: 100
  DSpeed: 100
  priest: {fileID: 0}
  move: {fileID: 0}
--- !u!114 &5150657355554233856
MonoBehaviour:
  m_ObjectHideFlags: 0
  m_CorrespondingSourceObject: {fileID: 0}
  m_PrefabInstance: {fileID: 0}
  m_PrefabAsset: {fileID: 0}
  m_GameObject: {fileID: 833677897538492393}
  m_Enabled: 1
  m_EditorHideFlags: 0
  m_Script: {fileID: 11500000, guid: e8a74cf35d2ecc643b1d9ee7d8458d11, type: 3}
  m_Name: 
  m_EditorClassIdentifier: 
  armyPrist: []
  hitReact:
  - {fileID: 1827226128182048838, guid: fcebbcbdc502cfe43836c10a1281b774, type: 3}
  - {fileID: 1827226128182048838, guid: 4e8dcf52e4e4ec543be37e2660e4ab1b, type: 3}
  UI: {fileID: 8503083833098769000}
  inactiveMesh: {fileID: 7251729346901673588}
  activeMesh: {fileID: 893538944313270281}
  isActive: 1
  isLeaderPriest: 0
  isArmyDead: 0
  isAttacking: 0
  isMoving: 0
  isStopped: 0
  stoppingDistance: 7
  RangeDistance: {x: 5, y: 7}
  rotationSmooth: 0.01
  agent: {fileID: 0}
  controlPriest: {fileID: 0}
--- !u!114 &3256902210581389260
MonoBehaviour:
  m_ObjectHideFlags: 0
  m_CorrespondingSourceObject: {fileID: 0}
  m_PrefabInstance: {fileID: 0}
  m_PrefabAsset: {fileID: 0}
  m_GameObject: {fileID: 833677897538492393}
  m_Enabled: 1
  m_EditorHideFlags: 0
  m_Script: {fileID: 11500000, guid: 0c2b63fecbe3547428c3019cc82bad21, type: 3}
  m_Name: 
  m_EditorClassIdentifier: 
--- !u!114 &9170253148162951412
MonoBehaviour:
  m_ObjectHideFlags: 0
  m_CorrespondingSourceObject: {fileID: 0}
  m_PrefabInstance: {fileID: 0}
  m_PrefabAsset: {fileID: 0}
  m_GameObject: {fileID: 833677897538492393}
  m_Enabled: 1
  m_EditorHideFlags: 0
  m_Script: {fileID: 11500000, guid: 61cd225a68b5d8c47ab29f818d759242, type: 3}
  m_Name: 
  m_EditorClassIdentifier: 
  isLeader: 0
  Projectile:
  - {fileID: 128572, guid: 6b683a168b8b6614d95f9030dd0392f8, type: 3}
  - {fileID: 128572, guid: a99a57cf3a7bacc479881d230e99afc3, type: 3}
  - {fileID: 128572, guid: 4d08b1ddf88c65a4facd913e932ec5f8, type: 3}
  - {fileID: 128572, guid: b7390e77fe23c4a40b1910f57e152a7b, type: 3}
  SpwanPoint: {fileID: 186884572860849634}
  target: {fileID: 0}
  detectLayer:
    serializedVersion: 2
    m_Bits: 256
  detactionRange: 15
  shootingOffset: 0.75
  Damage: 10
  currentProjectile: 3
  AttakeRate: 3.3
  speed: 1500
  anim: {fileID: 6629670374693401625}
  Agent: {fileID: 6392342353659773626}
  Priest: {fileID: 0}
  demon: []
--- !u!1 &892486693022239820
GameObject:
  m_ObjectHideFlags: 0
  m_CorrespondingSourceObject: {fileID: 0}
  m_PrefabInstance: {fileID: 0}
  m_PrefabAsset: {fileID: 0}
  serializedVersion: 6
  m_Component:
  - component: {fileID: 186884572860849634}
  m_Layer: 0
  m_Name: SpawnPosition
  m_TagString: Untagged
  m_Icon: {fileID: 0}
  m_NavMeshLayer: 0
  m_StaticEditorFlags: 0
  m_IsActive: 1
--- !u!4 &186884572860849634
Transform:
  m_ObjectHideFlags: 0
  m_CorrespondingSourceObject: {fileID: 0}
  m_PrefabInstance: {fileID: 0}
  m_PrefabAsset: {fileID: 0}
  m_GameObject: {fileID: 892486693022239820}
  m_LocalRotation: {x: -0, y: -0, z: -0, w: 1}
  m_LocalPosition: {x: 0.012, y: 0.0543, z: 0.0259}
  m_LocalScale: {x: 1, y: 1, z: 1}
  m_Children: []
  m_Father: {fileID: 517258936289950387}
  m_RootOrder: 3
  m_LocalEulerAnglesHint: {x: 0, y: 0, z: 0}
--- !u!1 &2095294325559570535
GameObject:
  m_ObjectHideFlags: 0
  m_CorrespondingSourceObject: {fileID: 0}
  m_PrefabInstance: {fileID: 0}
  m_PrefabAsset: {fileID: 0}
  serializedVersion: 6
  m_Component:
  - component: {fileID: 6281379906756493561}
  - component: {fileID: 4302863486945858834}
  m_Layer: 6
  m_Name: Animation
  m_TagString: Untagged
  m_Icon: {fileID: 0}
  m_NavMeshLayer: 0
  m_StaticEditorFlags: 0
  m_IsActive: 1
--- !u!4 &6281379906756493561
Transform:
  m_ObjectHideFlags: 0
  m_CorrespondingSourceObject: {fileID: 0}
  m_PrefabInstance: {fileID: 0}
  m_PrefabAsset: {fileID: 0}
  m_GameObject: {fileID: 2095294325559570535}
  m_LocalRotation: {x: -0, y: -0, z: -0, w: 1}
  m_LocalPosition: {x: 0, y: 0, z: 0}
  m_LocalScale: {x: 1, y: 1, z: 1}
  m_Children:
  - {fileID: 9149846259891340026}
  - {fileID: 541251461472379463}
  m_Father: {fileID: 6235041320931597849}
  m_RootOrder: 1
  m_LocalEulerAnglesHint: {x: 0, y: 0, z: 0}
--- !u!95 &4302863486945858834
Animator:
  serializedVersion: 3
  m_ObjectHideFlags: 0
  m_CorrespondingSourceObject: {fileID: 0}
  m_PrefabInstance: {fileID: 0}
  m_PrefabAsset: {fileID: 0}
  m_GameObject: {fileID: 2095294325559570535}
  m_Enabled: 1
  m_Avatar: {fileID: 0}
  m_Controller: {fileID: 9100000, guid: 1e6ae710fa7f5b144a06f383535a626a, type: 2}
  m_CullingMode: 0
  m_UpdateMode: 0
  m_ApplyRootMotion: 0
  m_LinearVelocityBlending: 0
  m_WarningMessage: 
  m_HasTransformHierarchy: 1
  m_AllowConstantClipSamplingOptimization: 1
  m_KeepAnimatorControllerStateOnDisable: 0
--- !u!1 &2405850212904263197
GameObject:
  m_ObjectHideFlags: 0
  m_CorrespondingSourceObject: {fileID: 0}
  m_PrefabInstance: {fileID: 0}
  m_PrefabAsset: {fileID: 0}
  serializedVersion: 6
  m_Component:
  - component: {fileID: 2235403104807472753}
  m_Layer: 6
  m_Name: VFX Heal
  m_TagString: Untagged
  m_Icon: {fileID: 0}
  m_NavMeshLayer: 0
  m_StaticEditorFlags: 0
  m_IsActive: 1
--- !u!4 &2235403104807472753
Transform:
  m_ObjectHideFlags: 0
  m_CorrespondingSourceObject: {fileID: 0}
  m_PrefabInstance: {fileID: 0}
  m_PrefabAsset: {fileID: 0}
  m_GameObject: {fileID: 2405850212904263197}
  m_LocalRotation: {x: -0, y: -0, z: -0, w: 1}
  m_LocalPosition: {x: 0, y: 0, z: 0}
  m_LocalScale: {x: 0.028571429, y: 0.028571429, z: 0.028571429}
  m_Children:
  - {fileID: 8208858628674217549}
  - {fileID: 4229709066386805182}
  m_Father: {fileID: 8407053828039211837}
  m_RootOrder: 1
  m_LocalEulerAnglesHint: {x: 0, y: 0, z: 0}
--- !u!1 &3429741521611045390
GameObject:
  m_ObjectHideFlags: 0
  m_CorrespondingSourceObject: {fileID: 0}
  m_PrefabInstance: {fileID: 0}
  m_PrefabAsset: {fileID: 0}
  serializedVersion: 6
  m_Component:
  - component: {fileID: 1260224652459332458}
  - component: {fileID: 1435199845781264926}
  - component: {fileID: 2721324274372156883}
  m_Layer: 6
  m_Name: Handle
  m_TagString: Untagged
  m_Icon: {fileID: 0}
  m_NavMeshLayer: 0
  m_StaticEditorFlags: 0
  m_IsActive: 1
--- !u!224 &1260224652459332458
RectTransform:
  m_ObjectHideFlags: 0
  m_CorrespondingSourceObject: {fileID: 0}
  m_PrefabInstance: {fileID: 0}
  m_PrefabAsset: {fileID: 0}
  m_GameObject: {fileID: 3429741521611045390}
  m_LocalRotation: {x: -0, y: -0, z: -0, w: 1}
  m_LocalPosition: {x: 0, y: 0, z: 0}
  m_LocalScale: {x: 1, y: 1, z: 1}
  m_Children: []
  m_Father: {fileID: 860789684465589895}
  m_RootOrder: 0
  m_LocalEulerAnglesHint: {x: 0, y: 0, z: 0}
  m_AnchorMin: {x: 0, y: 0}
  m_AnchorMax: {x: 0, y: 0}
  m_AnchoredPosition: {x: 0, y: 0}
  m_SizeDelta: {x: 20, y: 0}
  m_Pivot: {x: 0.5, y: 0.5}
--- !u!222 &1435199845781264926
CanvasRenderer:
  m_ObjectHideFlags: 0
  m_CorrespondingSourceObject: {fileID: 0}
  m_PrefabInstance: {fileID: 0}
  m_PrefabAsset: {fileID: 0}
  m_GameObject: {fileID: 3429741521611045390}
  m_CullTransparentMesh: 1
--- !u!114 &2721324274372156883
MonoBehaviour:
  m_ObjectHideFlags: 0
  m_CorrespondingSourceObject: {fileID: 0}
  m_PrefabInstance: {fileID: 0}
  m_PrefabAsset: {fileID: 0}
  m_GameObject: {fileID: 3429741521611045390}
  m_Enabled: 1
  m_EditorHideFlags: 0
  m_Script: {fileID: 11500000, guid: fe87c0e1cc204ed48ad3b37840f39efc, type: 3}
  m_Name: 
  m_EditorClassIdentifier: 
  m_Material: {fileID: 0}
  m_Color: {r: 1, g: 1, b: 1, a: 1}
  m_RaycastTarget: 1
  m_RaycastPadding: {x: 0, y: 0, z: 0, w: 0}
  m_Maskable: 1
  m_OnCullStateChanged:
    m_PersistentCalls:
      m_Calls: []
  m_Sprite: {fileID: 10913, guid: 0000000000000000f000000000000000, type: 0}
  m_Type: 0
  m_PreserveAspect: 0
  m_FillCenter: 1
  m_FillMethod: 4
  m_FillAmount: 1
  m_FillClockwise: 1
  m_FillOrigin: 0
  m_UseSpriteMesh: 0
  m_PixelsPerUnitMultiplier: 1
--- !u!1 &3514696259954623433
GameObject:
  m_ObjectHideFlags: 0
  m_CorrespondingSourceObject: {fileID: 0}
  m_PrefabInstance: {fileID: 0}
  m_PrefabAsset: {fileID: 0}
  serializedVersion: 6
  m_Component:
  - component: {fileID: 9149846259891340026}
  m_Layer: 6
  m_Name: GFX
  m_TagString: Untagged
  m_Icon: {fileID: 0}
  m_NavMeshLayer: 0
  m_StaticEditorFlags: 0
  m_IsActive: 0
--- !u!4 &9149846259891340026
Transform:
  m_ObjectHideFlags: 0
  m_CorrespondingSourceObject: {fileID: 0}
  m_PrefabInstance: {fileID: 0}
  m_PrefabAsset: {fileID: 0}
  m_GameObject: {fileID: 3514696259954623433}
  m_LocalRotation: {x: -0, y: -0, z: -0, w: 1}
  m_LocalPosition: {x: 0, y: 0, z: 0}
  m_LocalScale: {x: 1, y: 1, z: 1}
  m_Children:
  - {fileID: 4851001869195579691}
  m_Father: {fileID: 6281379906756493561}
  m_RootOrder: 0
  m_LocalEulerAnglesHint: {x: 0, y: 0, z: 0}
--- !u!1 &4855284828433157644
GameObject:
  m_ObjectHideFlags: 0
  m_CorrespondingSourceObject: {fileID: 0}
  m_PrefabInstance: {fileID: 0}
  m_PrefabAsset: {fileID: 0}
  serializedVersion: 6
  m_Component:
  - component: {fileID: 297637224627419741}
  - component: {fileID: 6741396897267605265}
  - component: {fileID: 4106025164362794545}
  m_Layer: 6
  m_Name: Background
  m_TagString: Untagged
  m_Icon: {fileID: 0}
  m_NavMeshLayer: 0
  m_StaticEditorFlags: 0
  m_IsActive: 1
--- !u!224 &297637224627419741
RectTransform:
  m_ObjectHideFlags: 0
  m_CorrespondingSourceObject: {fileID: 0}
  m_PrefabInstance: {fileID: 0}
  m_PrefabAsset: {fileID: 0}
  m_GameObject: {fileID: 4855284828433157644}
  m_LocalRotation: {x: -0, y: -0, z: -0, w: 1}
  m_LocalPosition: {x: 0, y: 0, z: 0}
  m_LocalScale: {x: 1, y: 1, z: 1}
  m_Children: []
  m_Father: {fileID: 6177114599915531096}
  m_RootOrder: 0
  m_LocalEulerAnglesHint: {x: 0, y: 0, z: 0}
  m_AnchorMin: {x: 0, y: 0.25}
  m_AnchorMax: {x: 1, y: 0.75}
  m_AnchoredPosition: {x: 0, y: 0}
  m_SizeDelta: {x: 0, y: 0}
  m_Pivot: {x: 0.5, y: 0.5}
--- !u!222 &6741396897267605265
CanvasRenderer:
  m_ObjectHideFlags: 0
  m_CorrespondingSourceObject: {fileID: 0}
  m_PrefabInstance: {fileID: 0}
  m_PrefabAsset: {fileID: 0}
  m_GameObject: {fileID: 4855284828433157644}
  m_CullTransparentMesh: 1
--- !u!114 &4106025164362794545
MonoBehaviour:
  m_ObjectHideFlags: 0
  m_CorrespondingSourceObject: {fileID: 0}
  m_PrefabInstance: {fileID: 0}
  m_PrefabAsset: {fileID: 0}
  m_GameObject: {fileID: 4855284828433157644}
  m_Enabled: 1
  m_EditorHideFlags: 0
  m_Script: {fileID: 11500000, guid: fe87c0e1cc204ed48ad3b37840f39efc, type: 3}
  m_Name: 
  m_EditorClassIdentifier: 
  m_Material: {fileID: 0}
  m_Color: {r: 1, g: 0, b: 0, a: 1}
  m_RaycastTarget: 1
  m_RaycastPadding: {x: 0, y: 0, z: 0, w: 0}
  m_Maskable: 1
  m_OnCullStateChanged:
    m_PersistentCalls:
      m_Calls: []
  m_Sprite: {fileID: 0}
  m_Type: 1
  m_PreserveAspect: 0
  m_FillCenter: 1
  m_FillMethod: 4
  m_FillAmount: 1
  m_FillClockwise: 1
  m_FillOrigin: 0
  m_UseSpriteMesh: 0
  m_PixelsPerUnitMultiplier: 1
--- !u!1 &5732803833692465793
GameObject:
  m_ObjectHideFlags: 0
  m_CorrespondingSourceObject: {fileID: 0}
  m_PrefabInstance: {fileID: 0}
  m_PrefabAsset: {fileID: 0}
  serializedVersion: 6
  m_Component:
  - component: {fileID: 7990090969512758212}
  m_Layer: 6
  m_Name: Fill Area
  m_TagString: Untagged
  m_Icon: {fileID: 0}
  m_NavMeshLayer: 0
  m_StaticEditorFlags: 0
  m_IsActive: 1
--- !u!224 &7990090969512758212
RectTransform:
  m_ObjectHideFlags: 0
  m_CorrespondingSourceObject: {fileID: 0}
  m_PrefabInstance: {fileID: 0}
  m_PrefabAsset: {fileID: 0}
  m_GameObject: {fileID: 5732803833692465793}
  m_LocalRotation: {x: -0, y: -0, z: -0, w: 1}
  m_LocalPosition: {x: 0, y: 0, z: 0}
  m_LocalScale: {x: 1, y: 1, z: 1}
  m_Children:
  - {fileID: 7666531493749262373}
  m_Father: {fileID: 6177114599915531096}
  m_RootOrder: 1
  m_LocalEulerAnglesHint: {x: 0, y: 0, z: 0}
  m_AnchorMin: {x: 0, y: 0.25}
  m_AnchorMax: {x: 1, y: 0.75}
  m_AnchoredPosition: {x: 0.000050008297, y: 0}
  m_SizeDelta: {x: -0.000099897, y: 0}
  m_Pivot: {x: 0.5, y: 0.5}
--- !u!1 &5958668509842604556
GameObject:
  m_ObjectHideFlags: 0
  m_CorrespondingSourceObject: {fileID: 0}
  m_PrefabInstance: {fileID: 0}
  m_PrefabAsset: {fileID: 0}
  serializedVersion: 6
  m_Component:
  - component: {fileID: 6177114599915531096}
  - component: {fileID: 7042477266397913115}
  m_Layer: 6
  m_Name: Slider
  m_TagString: Untagged
  m_Icon: {fileID: 0}
  m_NavMeshLayer: 0
  m_StaticEditorFlags: 0
  m_IsActive: 1
--- !u!224 &6177114599915531096
RectTransform:
  m_ObjectHideFlags: 0
  m_CorrespondingSourceObject: {fileID: 0}
  m_PrefabInstance: {fileID: 0}
  m_PrefabAsset: {fileID: 0}
  m_GameObject: {fileID: 5958668509842604556}
  m_LocalRotation: {x: 0, y: 0, z: 0, w: 1}
  m_LocalPosition: {x: 0, y: 0, z: 0}
  m_LocalScale: {x: 1, y: 1, z: 1}
  m_Children:
  - {fileID: 297637224627419741}
  - {fileID: 7990090969512758212}
  - {fileID: 860789684465589895}
  m_Father: {fileID: 8627396087458467911}
  m_RootOrder: 0
  m_LocalEulerAnglesHint: {x: 0, y: 0, z: 0}
  m_AnchorMin: {x: 0.5, y: 0.5}
  m_AnchorMax: {x: 0.5, y: 0.5}
  m_AnchoredPosition: {x: 0, y: 0}
  m_SizeDelta: {x: 0.7, y: 0.198}
  m_Pivot: {x: 0.5, y: 0.5}
--- !u!114 &7042477266397913115
MonoBehaviour:
  m_ObjectHideFlags: 0
  m_CorrespondingSourceObject: {fileID: 0}
  m_PrefabInstance: {fileID: 0}
  m_PrefabAsset: {fileID: 0}
  m_GameObject: {fileID: 5958668509842604556}
  m_Enabled: 1
  m_EditorHideFlags: 0
  m_Script: {fileID: 11500000, guid: 67db9e8f0e2ae9c40bc1e2b64352a6b4, type: 3}
  m_Name: 
  m_EditorClassIdentifier: 
  m_Navigation:
    m_Mode: 3
    m_WrapAround: 0
    m_SelectOnUp: {fileID: 0}
    m_SelectOnDown: {fileID: 0}
    m_SelectOnLeft: {fileID: 0}
    m_SelectOnRight: {fileID: 0}
  m_Transition: 1
  m_Colors:
    m_NormalColor: {r: 1, g: 1, b: 1, a: 1}
    m_HighlightedColor: {r: 0.9607843, g: 0.9607843, b: 0.9607843, a: 1}
    m_PressedColor: {r: 0.78431374, g: 0.78431374, b: 0.78431374, a: 1}
    m_SelectedColor: {r: 0.9607843, g: 0.9607843, b: 0.9607843, a: 1}
    m_DisabledColor: {r: 0.78431374, g: 0.78431374, b: 0.78431374, a: 0.5019608}
    m_ColorMultiplier: 1
    m_FadeDuration: 0.1
  m_SpriteState:
    m_HighlightedSprite: {fileID: 0}
    m_PressedSprite: {fileID: 0}
    m_SelectedSprite: {fileID: 0}
    m_DisabledSprite: {fileID: 0}
  m_AnimationTriggers:
    m_NormalTrigger: Normal
    m_HighlightedTrigger: Highlighted
    m_PressedTrigger: Pressed
    m_SelectedTrigger: Selected
    m_DisabledTrigger: Disabled
  m_Interactable: 1
  m_TargetGraphic: {fileID: 2721324274372156883}
  m_FillRect: {fileID: 7666531493749262373}
  m_HandleRect: {fileID: 1260224652459332458}
  m_Direction: 0
  m_MinValue: 0
  m_MaxValue: 1
  m_WholeNumbers: 0
  m_Value: 1
  m_OnValueChanged:
    m_PersistentCalls:
      m_Calls: []
--- !u!1 &8017698235894789294
GameObject:
  m_ObjectHideFlags: 0
  m_CorrespondingSourceObject: {fileID: 0}
  m_PrefabInstance: {fileID: 0}
  m_PrefabAsset: {fileID: 0}
  serializedVersion: 6
  m_Component:
  - component: {fileID: 8627396087458467911}
  m_Layer: 6
  m_Name: Hralth Bar
  m_TagString: Untagged
  m_Icon: {fileID: 0}
  m_NavMeshLayer: 0
  m_StaticEditorFlags: 0
  m_IsActive: 1
--- !u!224 &8627396087458467911
RectTransform:
  m_ObjectHideFlags: 0
  m_CorrespondingSourceObject: {fileID: 0}
  m_PrefabInstance: {fileID: 0}
  m_PrefabAsset: {fileID: 0}
  m_GameObject: {fileID: 8017698235894789294}
  m_LocalRotation: {x: 0, y: 0, z: 0, w: 1}
  m_LocalPosition: {x: 0, y: 0, z: 0}
  m_LocalScale: {x: 1, y: 1, z: 1}
  m_Children:
  - {fileID: 6177114599915531096}
  m_Father: {fileID: 4543872375792780459}
  m_RootOrder: 0
  m_LocalEulerAnglesHint: {x: 0, y: 0, z: 0}
  m_AnchorMin: {x: 0, y: 0}
  m_AnchorMax: {x: 1, y: 1}
  m_AnchoredPosition: {x: 0, y: 0}
  m_SizeDelta: {x: 0, y: 0}
  m_Pivot: {x: 0.5, y: 0.5}
--- !u!1 &8294299698844212020
GameObject:
  m_ObjectHideFlags: 0
  m_CorrespondingSourceObject: {fileID: 0}
  m_PrefabInstance: {fileID: 0}
  m_PrefabAsset: {fileID: 0}
  serializedVersion: 6
  m_Component:
  - component: {fileID: 7412375718397388005}
  m_Layer: 6
  m_Name: GFX
  m_TagString: Untagged
  m_Icon: {fileID: 0}
  m_NavMeshLayer: 0
  m_StaticEditorFlags: 0
  m_IsActive: 1
--- !u!4 &7412375718397388005
Transform:
  m_ObjectHideFlags: 0
  m_CorrespondingSourceObject: {fileID: 0}
  m_PrefabInstance: {fileID: 0}
  m_PrefabAsset: {fileID: 0}
  m_GameObject: {fileID: 8294299698844212020}
  m_LocalRotation: {x: 0, y: 0, z: 0, w: 1}
  m_LocalPosition: {x: 0, y: -0.09, z: 0}
  m_LocalScale: {x: 1, y: 1, z: 1}
  m_Children:
  - {fileID: 8063837828463320270}
  - {fileID: 517258936289950387}
  m_Father: {fileID: 6235041320931597849}
  m_RootOrder: 0
  m_LocalEulerAnglesHint: {x: 0, y: 0, z: 0}
--- !u!1 &8503083833098769000
GameObject:
  m_ObjectHideFlags: 0
  m_CorrespondingSourceObject: {fileID: 0}
  m_PrefabInstance: {fileID: 0}
  m_PrefabAsset: {fileID: 0}
  serializedVersion: 6
  m_Component:
  - component: {fileID: 4543872375792780459}
  - component: {fileID: 1262266208171365223}
  - component: {fileID: 8205223877223431848}
  - component: {fileID: 1910085738416883527}
  m_Layer: 6
  m_Name: Canvas
  m_TagString: Untagged
  m_Icon: {fileID: 0}
  m_NavMeshLayer: 0
  m_StaticEditorFlags: 0
  m_IsActive: 1
--- !u!224 &4543872375792780459
RectTransform:
  m_ObjectHideFlags: 0
  m_CorrespondingSourceObject: {fileID: 0}
  m_PrefabInstance: {fileID: 0}
  m_PrefabAsset: {fileID: 0}
  m_GameObject: {fileID: 8503083833098769000}
  m_LocalRotation: {x: -0, y: -0, z: -0, w: 1}
  m_LocalPosition: {x: 0, y: 0, z: 0}
  m_LocalScale: {x: 0.028571429, y: 0.028571429, z: 0.028571429}
  m_Children:
  - {fileID: 8627396087458467911}
  m_Father: {fileID: 8407053828039211837}
  m_RootOrder: 0
  m_LocalEulerAnglesHint: {x: 0, y: 0, z: 0}
  m_AnchorMin: {x: 0.5, y: 0.5}
  m_AnchorMax: {x: 0.5, y: 0.5}
  m_AnchoredPosition: {x: 0, y: 0.081257105}
  m_SizeDelta: {x: 2, y: 1}
  m_Pivot: {x: 0.5, y: 0.5}
--- !u!223 &1262266208171365223
Canvas:
  m_ObjectHideFlags: 0
  m_CorrespondingSourceObject: {fileID: 0}
  m_PrefabInstance: {fileID: 0}
  m_PrefabAsset: {fileID: 0}
  m_GameObject: {fileID: 8503083833098769000}
  m_Enabled: 1
  serializedVersion: 3
  m_RenderMode: 2
  m_Camera: {fileID: 0}
  m_PlaneDistance: 100
  m_PixelPerfect: 0
  m_ReceivesEvents: 1
  m_OverrideSorting: 0
  m_OverridePixelPerfect: 0
  m_SortingBucketNormalizedSize: 0
  m_AdditionalShaderChannelsFlag: 0
  m_SortingLayerID: 0
  m_SortingOrder: 0
  m_TargetDisplay: 0
--- !u!114 &8205223877223431848
MonoBehaviour:
  m_ObjectHideFlags: 0
  m_CorrespondingSourceObject: {fileID: 0}
  m_PrefabInstance: {fileID: 0}
  m_PrefabAsset: {fileID: 0}
  m_GameObject: {fileID: 8503083833098769000}
  m_Enabled: 1
  m_EditorHideFlags: 0
  m_Script: {fileID: 11500000, guid: 0cd44c1031e13a943bb63640046fad76, type: 3}
  m_Name: 
  m_EditorClassIdentifier: 
  m_UiScaleMode: 0
  m_ReferencePixelsPerUnit: 100
  m_ScaleFactor: 1
  m_ReferenceResolution: {x: 800, y: 600}
  m_ScreenMatchMode: 0
  m_MatchWidthOrHeight: 0
  m_PhysicalUnit: 3
  m_FallbackScreenDPI: 96
  m_DefaultSpriteDPI: 96
  m_DynamicPixelsPerUnit: 1
  m_PresetInfoIsWorld: 1
--- !u!114 &1910085738416883527
MonoBehaviour:
  m_ObjectHideFlags: 0
  m_CorrespondingSourceObject: {fileID: 0}
  m_PrefabInstance: {fileID: 0}
  m_PrefabAsset: {fileID: 0}
  m_GameObject: {fileID: 8503083833098769000}
  m_Enabled: 1
  m_EditorHideFlags: 0
  m_Script: {fileID: 11500000, guid: dc42784cf147c0c48a680349fa168899, type: 3}
  m_Name: 
  m_EditorClassIdentifier: 
  m_IgnoreReversedGraphics: 1
  m_BlockingObjects: 0
  m_BlockingMask:
    serializedVersion: 2
    m_Bits: 4294967295
--- !u!1 &8963147364478328891
GameObject:
  m_ObjectHideFlags: 0
  m_CorrespondingSourceObject: {fileID: 0}
  m_PrefabInstance: {fileID: 0}
  m_PrefabAsset: {fileID: 0}
  serializedVersion: 6
  m_Component:
  - component: {fileID: 860789684465589895}
  m_Layer: 6
  m_Name: Handle Slide Area
  m_TagString: Untagged
  m_Icon: {fileID: 0}
  m_NavMeshLayer: 0
  m_StaticEditorFlags: 0
  m_IsActive: 0
--- !u!224 &860789684465589895
RectTransform:
  m_ObjectHideFlags: 0
  m_CorrespondingSourceObject: {fileID: 0}
  m_PrefabInstance: {fileID: 0}
  m_PrefabAsset: {fileID: 0}
  m_GameObject: {fileID: 8963147364478328891}
  m_LocalRotation: {x: -0, y: -0, z: -0, w: 1}
  m_LocalPosition: {x: 0, y: 0, z: 0}
  m_LocalScale: {x: 1, y: 1, z: 1}
  m_Children:
  - {fileID: 1260224652459332458}
  m_Father: {fileID: 6177114599915531096}
  m_RootOrder: 2
  m_LocalEulerAnglesHint: {x: 0, y: 0, z: 0}
  m_AnchorMin: {x: 0, y: 0}
  m_AnchorMax: {x: 1, y: 1}
  m_AnchoredPosition: {x: 0, y: 0}
  m_SizeDelta: {x: -20, y: 0}
  m_Pivot: {x: 0.5, y: 0.5}
--- !u!1 &9182957129315102486
GameObject:
  m_ObjectHideFlags: 0
  m_CorrespondingSourceObject: {fileID: 0}
  m_PrefabInstance: {fileID: 0}
  m_PrefabAsset: {fileID: 0}
  serializedVersion: 6
  m_Component:
  - component: {fileID: 7666531493749262373}
  - component: {fileID: 3791913530983027678}
  - component: {fileID: 6087415283748628856}
  m_Layer: 6
  m_Name: Fill
  m_TagString: Untagged
  m_Icon: {fileID: 0}
  m_NavMeshLayer: 0
  m_StaticEditorFlags: 0
  m_IsActive: 1
--- !u!224 &7666531493749262373
RectTransform:
  m_ObjectHideFlags: 0
  m_CorrespondingSourceObject: {fileID: 0}
  m_PrefabInstance: {fileID: 0}
  m_PrefabAsset: {fileID: 0}
  m_GameObject: {fileID: 9182957129315102486}
  m_LocalRotation: {x: -0, y: -0, z: -0, w: 1}
  m_LocalPosition: {x: 0, y: 0, z: 0}
  m_LocalScale: {x: 1, y: 1, z: 1}
  m_Children: []
  m_Father: {fileID: 7990090969512758212}
  m_RootOrder: 0
  m_LocalEulerAnglesHint: {x: 0, y: 0, z: 0}
  m_AnchorMin: {x: 0, y: 0}
  m_AnchorMax: {x: 0, y: 0}
  m_AnchoredPosition: {x: 0, y: 0}
  m_SizeDelta: {x: 0, y: 0}
  m_Pivot: {x: 0.5, y: 0.5}
--- !u!222 &3791913530983027678
CanvasRenderer:
  m_ObjectHideFlags: 0
  m_CorrespondingSourceObject: {fileID: 0}
  m_PrefabInstance: {fileID: 0}
  m_PrefabAsset: {fileID: 0}
  m_GameObject: {fileID: 9182957129315102486}
  m_CullTransparentMesh: 1
--- !u!114 &6087415283748628856
MonoBehaviour:
  m_ObjectHideFlags: 0
  m_CorrespondingSourceObject: {fileID: 0}
  m_PrefabInstance: {fileID: 0}
  m_PrefabAsset: {fileID: 0}
  m_GameObject: {fileID: 9182957129315102486}
  m_Enabled: 1
  m_EditorHideFlags: 0
  m_Script: {fileID: 11500000, guid: fe87c0e1cc204ed48ad3b37840f39efc, type: 3}
  m_Name: 
  m_EditorClassIdentifier: 
  m_Material: {fileID: 0}
  m_Color: {r: 0.28805637, g: 0.8679245, b: 0, a: 1}
  m_RaycastTarget: 1
  m_RaycastPadding: {x: 0, y: 0, z: 0, w: 0}
  m_Maskable: 1
  m_OnCullStateChanged:
    m_PersistentCalls:
      m_Calls: []
  m_Sprite: {fileID: 0}
  m_Type: 1
  m_PreserveAspect: 0
  m_FillCenter: 1
  m_FillMethod: 4
  m_FillAmount: 1
  m_FillClockwise: 1
  m_FillOrigin: 0
  m_UseSpriteMesh: 0
  m_PixelsPerUnitMultiplier: 1
--- !u!1001 &47029678967889240
PrefabInstance:
  m_ObjectHideFlags: 0
  serializedVersion: 2
  m_Modification:
    m_TransformParent: {fileID: 7412375718397388005}
    m_Modifications:
    - target: {fileID: -8679921383154817045, guid: 456a1fb017cdf1a4bac65c07e255e098, type: 3}
      propertyPath: m_RootOrder
      value: 1
      objectReference: {fileID: 0}
    - target: {fileID: -8679921383154817045, guid: 456a1fb017cdf1a4bac65c07e255e098, type: 3}
      propertyPath: m_LocalScale.x
      value: 35
      objectReference: {fileID: 0}
    - target: {fileID: -8679921383154817045, guid: 456a1fb017cdf1a4bac65c07e255e098, type: 3}
      propertyPath: m_LocalScale.y
      value: 35
      objectReference: {fileID: 0}
    - target: {fileID: -8679921383154817045, guid: 456a1fb017cdf1a4bac65c07e255e098, type: 3}
      propertyPath: m_LocalScale.z
      value: 35
      objectReference: {fileID: 0}
    - target: {fileID: -8679921383154817045, guid: 456a1fb017cdf1a4bac65c07e255e098, type: 3}
      propertyPath: m_LocalPosition.x
      value: 0
      objectReference: {fileID: 0}
    - target: {fileID: -8679921383154817045, guid: 456a1fb017cdf1a4bac65c07e255e098, type: 3}
      propertyPath: m_LocalPosition.y
      value: 0
      objectReference: {fileID: 0}
    - target: {fileID: -8679921383154817045, guid: 456a1fb017cdf1a4bac65c07e255e098, type: 3}
      propertyPath: m_LocalPosition.z
      value: 0
      objectReference: {fileID: 0}
    - target: {fileID: -8679921383154817045, guid: 456a1fb017cdf1a4bac65c07e255e098, type: 3}
      propertyPath: m_LocalRotation.w
      value: 1
      objectReference: {fileID: 0}
    - target: {fileID: -8679921383154817045, guid: 456a1fb017cdf1a4bac65c07e255e098, type: 3}
      propertyPath: m_LocalRotation.x
      value: 0
      objectReference: {fileID: 0}
    - target: {fileID: -8679921383154817045, guid: 456a1fb017cdf1a4bac65c07e255e098, type: 3}
      propertyPath: m_LocalRotation.y
      value: 0
      objectReference: {fileID: 0}
    - target: {fileID: -8679921383154817045, guid: 456a1fb017cdf1a4bac65c07e255e098, type: 3}
      propertyPath: m_LocalRotation.z
      value: 0
      objectReference: {fileID: 0}
    - target: {fileID: -8679921383154817045, guid: 456a1fb017cdf1a4bac65c07e255e098, type: 3}
      propertyPath: m_LocalEulerAnglesHint.x
      value: 0
      objectReference: {fileID: 0}
    - target: {fileID: -8679921383154817045, guid: 456a1fb017cdf1a4bac65c07e255e098, type: 3}
      propertyPath: m_LocalEulerAnglesHint.y
      value: 0
      objectReference: {fileID: 0}
    - target: {fileID: -8679921383154817045, guid: 456a1fb017cdf1a4bac65c07e255e098, type: 3}
      propertyPath: m_LocalEulerAnglesHint.z
      value: 0
      objectReference: {fileID: 0}
    - target: {fileID: -8263313891341336193, guid: 456a1fb017cdf1a4bac65c07e255e098, type: 3}
      propertyPath: m_Name
      value: Lips
      objectReference: {fileID: 0}
    - target: {fileID: -6511900527857965223, guid: 456a1fb017cdf1a4bac65c07e255e098, type: 3}
      propertyPath: m_Layer
      value: 7
      objectReference: {fileID: 0}
    - target: {fileID: -4424079573590307132, guid: 456a1fb017cdf1a4bac65c07e255e098, type: 3}
      propertyPath: m_Layer
      value: 7
      objectReference: {fileID: 0}
    - target: {fileID: -1857046098046261544, guid: 456a1fb017cdf1a4bac65c07e255e098, type: 3}
      propertyPath: m_Layer
      value: 7
      objectReference: {fileID: 0}
    - target: {fileID: 919132149155446097, guid: 456a1fb017cdf1a4bac65c07e255e098, type: 3}
      propertyPath: m_Name
      value: Face Priest Black Active
      objectReference: {fileID: 0}
    - target: {fileID: 919132149155446097, guid: 456a1fb017cdf1a4bac65c07e255e098, type: 3}
      propertyPath: m_IsActive
      value: 1
      objectReference: {fileID: 0}
    - target: {fileID: 4820706019165635385, guid: 456a1fb017cdf1a4bac65c07e255e098, type: 3}
      propertyPath: m_IsActive
      value: 0
      objectReference: {fileID: 0}
    - target: {fileID: 5788547567251267992, guid: 456a1fb017cdf1a4bac65c07e255e098, type: 3}
      propertyPath: m_Name
      value: Eyes
      objectReference: {fileID: 0}
    m_RemovedComponents: []
  m_SourcePrefab: {fileID: 100100000, guid: 456a1fb017cdf1a4bac65c07e255e098, type: 3}
--- !u!4 &3154930471268886406 stripped
Transform:
  m_CorrespondingSourceObject: {fileID: 3129867266196355806, guid: 456a1fb017cdf1a4bac65c07e255e098, type: 3}
  m_PrefabInstance: {fileID: 47029678967889240}
  m_PrefabAsset: {fileID: 0}
--- !u!4 &349807009696850058 stripped
Transform:
  m_CorrespondingSourceObject: {fileID: 323650736630283730, guid: 456a1fb017cdf1a4bac65c07e255e098, type: 3}
  m_PrefabInstance: {fileID: 47029678967889240}
  m_PrefabAsset: {fileID: 0}
--- !u!4 &5808244481350304931 stripped
Transform:
  m_CorrespondingSourceObject: {fileID: 5781516549354035707, guid: 456a1fb017cdf1a4bac65c07e255e098, type: 3}
  m_PrefabInstance: {fileID: 47029678967889240}
  m_PrefabAsset: {fileID: 0}
--- !u!4 &3392975479005205683 stripped
Transform:
  m_CorrespondingSourceObject: {fileID: 3436615980606769643, guid: 456a1fb017cdf1a4bac65c07e255e098, type: 3}
  m_PrefabInstance: {fileID: 47029678967889240}
  m_PrefabAsset: {fileID: 0}
--- !u!4 &4427286339368682272 stripped
Transform:
  m_CorrespondingSourceObject: {fileID: 4456298939499060856, guid: 456a1fb017cdf1a4bac65c07e255e098, type: 3}
  m_PrefabInstance: {fileID: 47029678967889240}
  m_PrefabAsset: {fileID: 0}
--- !u!4 &6623058804860469234 stripped
Transform:
  m_CorrespondingSourceObject: {fileID: 6579409247999828650, guid: 456a1fb017cdf1a4bac65c07e255e098, type: 3}
  m_PrefabInstance: {fileID: 47029678967889240}
  m_PrefabAsset: {fileID: 0}
--- !u!4 &8283676560896620556 stripped
Transform:
  m_CorrespondingSourceObject: {fileID: -985563950371248812, guid: 456a1fb017cdf1a4bac65c07e255e098, type: 3}
  m_PrefabInstance: {fileID: 47029678967889240}
  m_PrefabAsset: {fileID: 0}
--- !u!4 &8008851558191367823 stripped
Transform:
  m_CorrespondingSourceObject: {fileID: 8035051967256239063, guid: 456a1fb017cdf1a4bac65c07e255e098, type: 3}
  m_PrefabInstance: {fileID: 47029678967889240}
  m_PrefabAsset: {fileID: 0}
--- !u!4 &7610067455449175157 stripped
Transform:
  m_CorrespondingSourceObject: {fileID: 7582778889551153453, guid: 456a1fb017cdf1a4bac65c07e255e098, type: 3}
  m_PrefabInstance: {fileID: 47029678967889240}
  m_PrefabAsset: {fileID: 0}
--- !u!4 &6784714852870782853 stripped
Transform:
  m_CorrespondingSourceObject: {fileID: -2409651164566658339, guid: 456a1fb017cdf1a4bac65c07e255e098, type: 3}
  m_PrefabInstance: {fileID: 47029678967889240}
  m_PrefabAsset: {fileID: 0}
--- !u!4 &2136996165188708965 stripped
Transform:
  m_CorrespondingSourceObject: {fileID: -7129418598644582595, guid: 456a1fb017cdf1a4bac65c07e255e098, type: 3}
  m_PrefabInstance: {fileID: 47029678967889240}
  m_PrefabAsset: {fileID: 0}
--- !u!4 &4291699902541658481 stripped
Transform:
  m_CorrespondingSourceObject: {fileID: 4262722385592640553, guid: 456a1fb017cdf1a4bac65c07e255e098, type: 3}
  m_PrefabInstance: {fileID: 47029678967889240}
  m_PrefabAsset: {fileID: 0}
--- !u!4 &5315102090033640255 stripped
Transform:
  m_CorrespondingSourceObject: {fileID: -3934989324307911065, guid: 456a1fb017cdf1a4bac65c07e255e098, type: 3}
  m_PrefabInstance: {fileID: 47029678967889240}
  m_PrefabAsset: {fileID: 0}
--- !u!4 &8718971209448047528 stripped
Transform:
  m_CorrespondingSourceObject: {fileID: -457371407210619152, guid: 456a1fb017cdf1a4bac65c07e255e098, type: 3}
  m_PrefabInstance: {fileID: 47029678967889240}
  m_PrefabAsset: {fileID: 0}
--- !u!4 &4719257410112051578 stripped
Transform:
  m_CorrespondingSourceObject: {fileID: 4744892548748919842, guid: 456a1fb017cdf1a4bac65c07e255e098, type: 3}
  m_PrefabInstance: {fileID: 47029678967889240}
  m_PrefabAsset: {fileID: 0}
--- !u!4 &9031149353481249004 stripped
Transform:
  m_CorrespondingSourceObject: {fileID: 9075319783447575988, guid: 456a1fb017cdf1a4bac65c07e255e098, type: 3}
  m_PrefabInstance: {fileID: 47029678967889240}
  m_PrefabAsset: {fileID: 0}
--- !u!4 &5700987811626690689 stripped
Transform:
  m_CorrespondingSourceObject: {fileID: -3478204928309119527, guid: 456a1fb017cdf1a4bac65c07e255e098, type: 3}
  m_PrefabInstance: {fileID: 47029678967889240}
  m_PrefabAsset: {fileID: 0}
--- !u!4 &911719050117711788 stripped
Transform:
  m_CorrespondingSourceObject: {fileID: -8358673644906276108, guid: 456a1fb017cdf1a4bac65c07e255e098, type: 3}
  m_PrefabInstance: {fileID: 47029678967889240}
  m_PrefabAsset: {fileID: 0}
--- !u!4 &1342959250489345179 stripped
Transform:
  m_CorrespondingSourceObject: {fileID: 1298219135262923203, guid: 456a1fb017cdf1a4bac65c07e255e098, type: 3}
  m_PrefabInstance: {fileID: 47029678967889240}
  m_PrefabAsset: {fileID: 0}
--- !u!4 &1695540133954448163 stripped
Transform:
  m_CorrespondingSourceObject: {fileID: 1666562737390351995, guid: 456a1fb017cdf1a4bac65c07e255e098, type: 3}
  m_PrefabInstance: {fileID: 47029678967889240}
  m_PrefabAsset: {fileID: 0}
--- !u!4 &336345090420432254 stripped
Transform:
  m_CorrespondingSourceObject: {fileID: 292141534579310630, guid: 456a1fb017cdf1a4bac65c07e255e098, type: 3}
  m_PrefabInstance: {fileID: 47029678967889240}
  m_PrefabAsset: {fileID: 0}
--- !u!4 &1982999497489262981 stripped
Transform:
  m_CorrespondingSourceObject: {fileID: -7268226270605331235, guid: 456a1fb017cdf1a4bac65c07e255e098, type: 3}
  m_PrefabInstance: {fileID: 47029678967889240}
  m_PrefabAsset: {fileID: 0}
--- !u!4 &6873613502484871672 stripped
Transform:
  m_CorrespondingSourceObject: {fileID: -2322469624631237472, guid: 456a1fb017cdf1a4bac65c07e255e098, type: 3}
  m_PrefabInstance: {fileID: 47029678967889240}
  m_PrefabAsset: {fileID: 0}
--- !u!4 &3379030017127846029 stripped
Transform:
  m_CorrespondingSourceObject: {fileID: 3333698208944721365, guid: 456a1fb017cdf1a4bac65c07e255e098, type: 3}
  m_PrefabInstance: {fileID: 47029678967889240}
  m_PrefabAsset: {fileID: 0}
--- !u!4 &3895499686383631996 stripped
Transform:
  m_CorrespondingSourceObject: {fileID: 3938553374387118884, guid: 456a1fb017cdf1a4bac65c07e255e098, type: 3}
  m_PrefabInstance: {fileID: 47029678967889240}
  m_PrefabAsset: {fileID: 0}
--- !u!4 &8816445109115223475 stripped
Transform:
  m_CorrespondingSourceObject: {fileID: -361032188931415829, guid: 456a1fb017cdf1a4bac65c07e255e098, type: 3}
  m_PrefabInstance: {fileID: 47029678967889240}
  m_PrefabAsset: {fileID: 0}
--- !u!4 &7570022701878733566 stripped
Transform:
  m_CorrespondingSourceObject: {fileID: -1609743622325405786, guid: 456a1fb017cdf1a4bac65c07e255e098, type: 3}
  m_PrefabInstance: {fileID: 47029678967889240}
  m_PrefabAsset: {fileID: 0}
--- !u!1 &4773136309275235228 stripped
GameObject:
  m_CorrespondingSourceObject: {fileID: -4424079573590307132, guid: 456a1fb017cdf1a4bac65c07e255e098, type: 3}
  m_PrefabInstance: {fileID: 47029678967889240}
  m_PrefabAsset: {fileID: 0}
--- !u!4 &553709800630030330 stripped
Transform:
  m_CorrespondingSourceObject: {fileID: 506717764123923106, guid: 456a1fb017cdf1a4bac65c07e255e098, type: 3}
  m_PrefabInstance: {fileID: 47029678967889240}
  m_PrefabAsset: {fileID: 0}
--- !u!4 &7148834608004578764 stripped
Transform:
  m_CorrespondingSourceObject: {fileID: 7175032508833702036, guid: 456a1fb017cdf1a4bac65c07e255e098, type: 3}
  m_PrefabInstance: {fileID: 47029678967889240}
  m_PrefabAsset: {fileID: 0}
--- !u!4 &449909072135322329 stripped
Transform:
  m_CorrespondingSourceObject: {fileID: 475535294537525121, guid: 456a1fb017cdf1a4bac65c07e255e098, type: 3}
  m_PrefabInstance: {fileID: 47029678967889240}
  m_PrefabAsset: {fileID: 0}
--- !u!4 &8023741339406340814 stripped
Transform:
  m_CorrespondingSourceObject: {fileID: -1153736229902708842, guid: 456a1fb017cdf1a4bac65c07e255e098, type: 3}
  m_PrefabInstance: {fileID: 47029678967889240}
  m_PrefabAsset: {fileID: 0}
--- !u!4 &7831873831749983883 stripped
Transform:
  m_CorrespondingSourceObject: {fileID: -1434551515948088365, guid: 456a1fb017cdf1a4bac65c07e255e098, type: 3}
  m_PrefabInstance: {fileID: 47029678967889240}
  m_PrefabAsset: {fileID: 0}
--- !u!4 &262102422288378385 stripped
Transform:
  m_CorrespondingSourceObject: {fileID: 217362444090914633, guid: 456a1fb017cdf1a4bac65c07e255e098, type: 3}
  m_PrefabInstance: {fileID: 47029678967889240}
  m_PrefabAsset: {fileID: 0}
--- !u!4 &2981155499830507757 stripped
Transform:
  m_CorrespondingSourceObject: {fileID: -6199165168437336651, guid: 456a1fb017cdf1a4bac65c07e255e098, type: 3}
  m_PrefabInstance: {fileID: 47029678967889240}
  m_PrefabAsset: {fileID: 0}
--- !u!4 &476961827983305921 stripped
Transform:
  m_CorrespondingSourceObject: {fileID: -8774815827161140839, guid: 456a1fb017cdf1a4bac65c07e255e098, type: 3}
  m_PrefabInstance: {fileID: 47029678967889240}
  m_PrefabAsset: {fileID: 0}
--- !u!4 &4634889092603173733 stripped
Transform:
  m_CorrespondingSourceObject: {fileID: -4542590316024576451, guid: 456a1fb017cdf1a4bac65c07e255e098, type: 3}
  m_PrefabInstance: {fileID: 47029678967889240}
  m_PrefabAsset: {fileID: 0}
--- !u!4 &6616296150928943969 stripped
Transform:
  m_CorrespondingSourceObject: {fileID: 6590696400264066617, guid: 456a1fb017cdf1a4bac65c07e255e098, type: 3}
  m_PrefabInstance: {fileID: 47029678967889240}
  m_PrefabAsset: {fileID: 0}
--- !u!4 &1517981874099346699 stripped
Transform:
  m_CorrespondingSourceObject: {fileID: 1564967089014587475, guid: 456a1fb017cdf1a4bac65c07e255e098, type: 3}
  m_PrefabInstance: {fileID: 47029678967889240}
  m_PrefabAsset: {fileID: 0}
--- !u!4 &1855784308892951073 stripped
Transform:
  m_CorrespondingSourceObject: {fileID: -7393216509368664199, guid: 456a1fb017cdf1a4bac65c07e255e098, type: 3}
  m_PrefabInstance: {fileID: 47029678967889240}
  m_PrefabAsset: {fileID: 0}
--- !u!4 &5190862703557118843 stripped
Transform:
  m_CorrespondingSourceObject: {fileID: -3986051678484785629, guid: 456a1fb017cdf1a4bac65c07e255e098, type: 3}
  m_PrefabInstance: {fileID: 47029678967889240}
  m_PrefabAsset: {fileID: 0}
--- !u!4 &1115573746019881944 stripped
Transform:
  m_CorrespondingSourceObject: {fileID: 1142864646358453888, guid: 456a1fb017cdf1a4bac65c07e255e098, type: 3}
  m_PrefabInstance: {fileID: 47029678967889240}
  m_PrefabAsset: {fileID: 0}
--- !u!4 &1453200701564673078 stripped
Transform:
  m_CorrespondingSourceObject: {fileID: 1481081095835631982, guid: 456a1fb017cdf1a4bac65c07e255e098, type: 3}
  m_PrefabInstance: {fileID: 47029678967889240}
  m_PrefabAsset: {fileID: 0}
--- !u!4 &1781900968455313304 stripped
Transform:
  m_CorrespondingSourceObject: {fileID: -7485685980276716864, guid: 456a1fb017cdf1a4bac65c07e255e098, type: 3}
  m_PrefabInstance: {fileID: 47029678967889240}
  m_PrefabAsset: {fileID: 0}
--- !u!4 &2069626944002808036 stripped
Transform:
  m_CorrespondingSourceObject: {fileID: -7196787925477669444, guid: 456a1fb017cdf1a4bac65c07e255e098, type: 3}
  m_PrefabInstance: {fileID: 47029678967889240}
  m_PrefabAsset: {fileID: 0}
--- !u!4 &5183799575756872493 stripped
Transform:
  m_CorrespondingSourceObject: {fileID: 5140747931066238581, guid: 456a1fb017cdf1a4bac65c07e255e098, type: 3}
  m_PrefabInstance: {fileID: 47029678967889240}
  m_PrefabAsset: {fileID: 0}
--- !u!4 &4159914578329955698 stripped
Transform:
  m_CorrespondingSourceObject: {fileID: 4115702347862863914, guid: 456a1fb017cdf1a4bac65c07e255e098, type: 3}
  m_PrefabInstance: {fileID: 47029678967889240}
  m_PrefabAsset: {fileID: 0}
--- !u!4 &5640551878334663088 stripped
Transform:
  m_CorrespondingSourceObject: {fileID: -3539740031763295000, guid: 456a1fb017cdf1a4bac65c07e255e098, type: 3}
  m_PrefabInstance: {fileID: 47029678967889240}
  m_PrefabAsset: {fileID: 0}
--- !u!4 &5204654463230955129 stripped
Transform:
  m_CorrespondingSourceObject: {fileID: -3990839533145926879, guid: 456a1fb017cdf1a4bac65c07e255e098, type: 3}
  m_PrefabInstance: {fileID: 47029678967889240}
  m_PrefabAsset: {fileID: 0}
--- !u!4 &1273177157492281865 stripped
Transform:
  m_CorrespondingSourceObject: {fileID: -7994963701084975279, guid: 456a1fb017cdf1a4bac65c07e255e098, type: 3}
  m_PrefabInstance: {fileID: 47029678967889240}
  m_PrefabAsset: {fileID: 0}
--- !u!4 &5116053921052149680 stripped
Transform:
  m_CorrespondingSourceObject: {fileID: 5069024379682609896, guid: 456a1fb017cdf1a4bac65c07e255e098, type: 3}
  m_PrefabInstance: {fileID: 47029678967889240}
  m_PrefabAsset: {fileID: 0}
--- !u!4 &4027619200296038981 stripped
Transform:
  m_CorrespondingSourceObject: {fileID: -5241082291492999395, guid: 456a1fb017cdf1a4bac65c07e255e098, type: 3}
  m_PrefabInstance: {fileID: 47029678967889240}
  m_PrefabAsset: {fileID: 0}
--- !u!4 &7018257341476065204 stripped
Transform:
  m_CorrespondingSourceObject: {fileID: -2178951807013924116, guid: 456a1fb017cdf1a4bac65c07e255e098, type: 3}
  m_PrefabInstance: {fileID: 47029678967889240}
  m_PrefabAsset: {fileID: 0}
--- !u!4 &8175267438686683482 stripped
Transform:
  m_CorrespondingSourceObject: {fileID: -1021341480734368766, guid: 456a1fb017cdf1a4bac65c07e255e098, type: 3}
  m_PrefabInstance: {fileID: 47029678967889240}
  m_PrefabAsset: {fileID: 0}
--- !u!4 &9201498879764545479 stripped
Transform:
  m_CorrespondingSourceObject: {fileID: -66041870957075809, guid: 456a1fb017cdf1a4bac65c07e255e098, type: 3}
  m_PrefabInstance: {fileID: 47029678967889240}
  m_PrefabAsset: {fileID: 0}
--- !u!4 &7453439912372756616 stripped
Transform:
  m_CorrespondingSourceObject: {fileID: 7478479116908002768, guid: 456a1fb017cdf1a4bac65c07e255e098, type: 3}
  m_PrefabInstance: {fileID: 47029678967889240}
  m_PrefabAsset: {fileID: 0}
--- !u!4 &6110007722529846333 stripped
Transform:
  m_CorrespondingSourceObject: {fileID: 6083253245495535973, guid: 456a1fb017cdf1a4bac65c07e255e098, type: 3}
  m_PrefabInstance: {fileID: 47029678967889240}
  m_PrefabAsset: {fileID: 0}
--- !u!4 &2184066003027055769 stripped
Transform:
  m_CorrespondingSourceObject: {fileID: 2227110602888137153, guid: 456a1fb017cdf1a4bac65c07e255e098, type: 3}
  m_PrefabInstance: {fileID: 47029678967889240}
  m_PrefabAsset: {fileID: 0}
--- !u!4 &8868809368932088613 stripped
Transform:
  m_CorrespondingSourceObject: {fileID: -309831245711120771, guid: 456a1fb017cdf1a4bac65c07e255e098, type: 3}
  m_PrefabInstance: {fileID: 47029678967889240}
  m_PrefabAsset: {fileID: 0}
--- !u!4 &8328677844818642176 stripped
Transform:
  m_CorrespondingSourceObject: {fileID: 8300834918928013400, guid: 456a1fb017cdf1a4bac65c07e255e098, type: 3}
  m_PrefabInstance: {fileID: 47029678967889240}
  m_PrefabAsset: {fileID: 0}
--- !u!4 &9208214406396001272 stripped
Transform:
  m_CorrespondingSourceObject: {fileID: -41320706619332960, guid: 456a1fb017cdf1a4bac65c07e255e098, type: 3}
  m_PrefabInstance: {fileID: 47029678967889240}
  m_PrefabAsset: {fileID: 0}
--- !u!4 &1123962663520986157 stripped
Transform:
  m_CorrespondingSourceObject: {fileID: 1098327625806412149, guid: 456a1fb017cdf1a4bac65c07e255e098, type: 3}
  m_PrefabInstance: {fileID: 47029678967889240}
  m_PrefabAsset: {fileID: 0}
--- !u!4 &5613233715013304878 stripped
Transform:
  m_CorrespondingSourceObject: {fileID: -3656602472659198090, guid: 456a1fb017cdf1a4bac65c07e255e098, type: 3}
  m_PrefabInstance: {fileID: 47029678967889240}
  m_PrefabAsset: {fileID: 0}
--- !u!4 &7447909367966803037 stripped
Transform:
  m_CorrespondingSourceObject: {fileID: 7492687006443452677, guid: 456a1fb017cdf1a4bac65c07e255e098, type: 3}
  m_PrefabInstance: {fileID: 47029678967889240}
  m_PrefabAsset: {fileID: 0}
--- !u!4 &8482163809084588779 stripped
Transform:
  m_CorrespondingSourceObject: {fileID: -787665711842369613, guid: 456a1fb017cdf1a4bac65c07e255e098, type: 3}
  m_PrefabInstance: {fileID: 47029678967889240}
  m_PrefabAsset: {fileID: 0}
--- !u!4 &1311305860431084002 stripped
Transform:
  m_CorrespondingSourceObject: {fileID: 1339157359345919162, guid: 456a1fb017cdf1a4bac65c07e255e098, type: 3}
  m_PrefabInstance: {fileID: 47029678967889240}
  m_PrefabAsset: {fileID: 0}
--- !u!4 &205284790160058684 stripped
Transform:
  m_CorrespondingSourceObject: {fileID: 179656161628255332, guid: 456a1fb017cdf1a4bac65c07e255e098, type: 3}
  m_PrefabInstance: {fileID: 47029678967889240}
  m_PrefabAsset: {fileID: 0}
--- !u!4 &3286558846590972888 stripped
Transform:
  m_CorrespondingSourceObject: {fileID: -5964130513232793984, guid: 456a1fb017cdf1a4bac65c07e255e098, type: 3}
  m_PrefabInstance: {fileID: 47029678967889240}
  m_PrefabAsset: {fileID: 0}
--- !u!4 &1525283844024162600 stripped
Transform:
  m_CorrespondingSourceObject: {fileID: 1553162073481659504, guid: 456a1fb017cdf1a4bac65c07e255e098, type: 3}
  m_PrefabInstance: {fileID: 47029678967889240}
  m_PrefabAsset: {fileID: 0}
--- !u!4 &2914795886580503571 stripped
Transform:
  m_CorrespondingSourceObject: {fileID: -6281261078933501621, guid: 456a1fb017cdf1a4bac65c07e255e098, type: 3}
  m_PrefabInstance: {fileID: 47029678967889240}
  m_PrefabAsset: {fileID: 0}
--- !u!4 &7290696593949623042 stripped
Transform:
  m_CorrespondingSourceObject: {fileID: -1906477490418966950, guid: 456a1fb017cdf1a4bac65c07e255e098, type: 3}
  m_PrefabInstance: {fileID: 47029678967889240}
  m_PrefabAsset: {fileID: 0}
--- !u!4 &4076476042981131229 stripped
Transform:
  m_CorrespondingSourceObject: {fileID: -5173061048117240187, guid: 456a1fb017cdf1a4bac65c07e255e098, type: 3}
  m_PrefabInstance: {fileID: 47029678967889240}
  m_PrefabAsset: {fileID: 0}
--- !u!4 &8828880235588240438 stripped
Transform:
  m_CorrespondingSourceObject: {fileID: 8800437147862325614, guid: 456a1fb017cdf1a4bac65c07e255e098, type: 3}
  m_PrefabInstance: {fileID: 47029678967889240}
  m_PrefabAsset: {fileID: 0}
--- !u!4 &441863591088376100 stripped
Transform:
  m_CorrespondingSourceObject: {fileID: -8753091507939421060, guid: 456a1fb017cdf1a4bac65c07e255e098, type: 3}
  m_PrefabInstance: {fileID: 47029678967889240}
  m_PrefabAsset: {fileID: 0}
--- !u!4 &6492691247303732490 stripped
Transform:
  m_CorrespondingSourceObject: {fileID: 6538586143139278930, guid: 456a1fb017cdf1a4bac65c07e255e098, type: 3}
  m_PrefabInstance: {fileID: 47029678967889240}
  m_PrefabAsset: {fileID: 0}
--- !u!4 &7548766380089959710 stripped
Transform:
  m_CorrespondingSourceObject: {fileID: -1700796906694477754, guid: 456a1fb017cdf1a4bac65c07e255e098, type: 3}
  m_PrefabInstance: {fileID: 47029678967889240}
  m_PrefabAsset: {fileID: 0}
--- !u!4 &6407489820676082404 stripped
Transform:
  m_CorrespondingSourceObject: {fileID: -2860648651106265156, guid: 456a1fb017cdf1a4bac65c07e255e098, type: 3}
  m_PrefabInstance: {fileID: 47029678967889240}
  m_PrefabAsset: {fileID: 0}
--- !u!4 &1390091412018887626 stripped
Transform:
  m_CorrespondingSourceObject: {fileID: 1435959954077705874, guid: 456a1fb017cdf1a4bac65c07e255e098, type: 3}
  m_PrefabInstance: {fileID: 47029678967889240}
  m_PrefabAsset: {fileID: 0}
--- !u!4 &5616006260813285987 stripped
Transform:
  m_CorrespondingSourceObject: {fileID: 5572952536310961979, guid: 456a1fb017cdf1a4bac65c07e255e098, type: 3}
  m_PrefabInstance: {fileID: 47029678967889240}
  m_PrefabAsset: {fileID: 0}
--- !u!4 &5400860769573675781 stripped
Transform:
  m_CorrespondingSourceObject: {fileID: -3867286413359694243, guid: 456a1fb017cdf1a4bac65c07e255e098, type: 3}
  m_PrefabInstance: {fileID: 47029678967889240}
  m_PrefabAsset: {fileID: 0}
--- !u!4 &5631032014912201507 stripped
Transform:
  m_CorrespondingSourceObject: {fileID: -3566176946738315653, guid: 456a1fb017cdf1a4bac65c07e255e098, type: 3}
  m_PrefabInstance: {fileID: 47029678967889240}
  m_PrefabAsset: {fileID: 0}
--- !u!4 &5971579371506244363 stripped
Transform:
  m_CorrespondingSourceObject: {fileID: 5942599707475183187, guid: 456a1fb017cdf1a4bac65c07e255e098, type: 3}
  m_PrefabInstance: {fileID: 47029678967889240}
  m_PrefabAsset: {fileID: 0}
--- !u!4 &8287611186038646511 stripped
Transform:
  m_CorrespondingSourceObject: {fileID: -890420488123499593, guid: 456a1fb017cdf1a4bac65c07e255e098, type: 3}
  m_PrefabInstance: {fileID: 47029678967889240}
  m_PrefabAsset: {fileID: 0}
--- !u!1 &3595203146020898318 stripped
GameObject:
  m_CorrespondingSourceObject: {fileID: 3549873383971314518, guid: 456a1fb017cdf1a4bac65c07e255e098, type: 3}
  m_PrefabInstance: {fileID: 47029678967889240}
  m_PrefabAsset: {fileID: 0}
--- !u!137 &9080173400814337134 stripped
SkinnedMeshRenderer:
  m_CorrespondingSourceObject: {fileID: 9125511821375381814, guid: 456a1fb017cdf1a4bac65c07e255e098, type: 3}
  m_PrefabInstance: {fileID: 47029678967889240}
  m_PrefabAsset: {fileID: 0}
--- !u!137 &8805051686391407193 stripped
SkinnedMeshRenderer:
  m_CorrespondingSourceObject: {fileID: -389905627103068415, guid: 456a1fb017cdf1a4bac65c07e255e098, type: 3}
  m_PrefabInstance: {fileID: 47029678967889240}
  m_PrefabAsset: {fileID: 0}
--- !u!1 &8102262855352608652 stripped
GameObject:
  m_CorrespondingSourceObject: {fileID: 8130703897341360852, guid: 456a1fb017cdf1a4bac65c07e255e098, type: 3}
  m_PrefabInstance: {fileID: 47029678967889240}
  m_PrefabAsset: {fileID: 0}
--- !u!4 &8407053828039211837 stripped
Transform:
  m_CorrespondingSourceObject: {fileID: -861084917430917531, guid: 456a1fb017cdf1a4bac65c07e255e098, type: 3}
  m_PrefabInstance: {fileID: 47029678967889240}
  m_PrefabAsset: {fileID: 0}
--- !u!1 &893538944313270281 stripped
GameObject:
  m_CorrespondingSourceObject: {fileID: 919132149155446097, guid: 456a1fb017cdf1a4bac65c07e255e098, type: 3}
  m_PrefabInstance: {fileID: 47029678967889240}
  m_PrefabAsset: {fileID: 0}
--- !u!4 &517258936289950387 stripped
Transform:
  m_CorrespondingSourceObject: {fileID: -8679921383154817045, guid: 456a1fb017cdf1a4bac65c07e255e098, type: 3}
  m_PrefabInstance: {fileID: 47029678967889240}
  m_PrefabAsset: {fileID: 0}
--- !u!4 &6163994436943529665 stripped
Transform:
  m_CorrespondingSourceObject: {fileID: 6137840551888214937, guid: 456a1fb017cdf1a4bac65c07e255e098, type: 3}
  m_PrefabInstance: {fileID: 47029678967889240}
  m_PrefabAsset: {fileID: 0}
--- !u!1 &7394179790307425152 stripped
GameObject:
  m_CorrespondingSourceObject: {fileID: -1857046098046261544, guid: 456a1fb017cdf1a4bac65c07e255e098, type: 3}
  m_PrefabInstance: {fileID: 47029678967889240}
  m_PrefabAsset: {fileID: 0}
--- !u!4 &7250450750619117912 stripped
Transform:
  m_CorrespondingSourceObject: {fileID: 7222036253432476672, guid: 456a1fb017cdf1a4bac65c07e255e098, type: 3}
  m_PrefabInstance: {fileID: 47029678967889240}
  m_PrefabAsset: {fileID: 0}
--- !u!4 &7226587293657323239 stripped
Transform:
  m_CorrespondingSourceObject: {fileID: -1950362218012619841, guid: 456a1fb017cdf1a4bac65c07e255e098, type: 3}
  m_PrefabInstance: {fileID: 47029678967889240}
  m_PrefabAsset: {fileID: 0}
--- !u!4 &9063691356552885247 stripped
Transform:
  m_CorrespondingSourceObject: {fileID: -184746016751948121, guid: 456a1fb017cdf1a4bac65c07e255e098, type: 3}
  m_PrefabInstance: {fileID: 47029678967889240}
  m_PrefabAsset: {fileID: 0}
--- !u!4 &1868959823645898201 stripped
Transform:
  m_CorrespondingSourceObject: {fileID: -7401397496843605887, guid: 456a1fb017cdf1a4bac65c07e255e098, type: 3}
  m_PrefabInstance: {fileID: 47029678967889240}
  m_PrefabAsset: {fileID: 0}
--- !u!4 &8519808972464984345 stripped
Transform:
  m_CorrespondingSourceObject: {fileID: 8546534809441012801, guid: 456a1fb017cdf1a4bac65c07e255e098, type: 3}
  m_PrefabInstance: {fileID: 47029678967889240}
  m_PrefabAsset: {fileID: 0}
--- !u!4 &2391072875354313569 stripped
Transform:
  m_CorrespondingSourceObject: {fileID: 2416701419329998393, guid: 456a1fb017cdf1a4bac65c07e255e098, type: 3}
  m_PrefabInstance: {fileID: 47029678967889240}
  m_PrefabAsset: {fileID: 0}
--- !u!4 &5236469687689641852 stripped
Transform:
  m_CorrespondingSourceObject: {fileID: -4031644905299287516, guid: 456a1fb017cdf1a4bac65c07e255e098, type: 3}
  m_PrefabInstance: {fileID: 47029678967889240}
  m_PrefabAsset: {fileID: 0}
--- !u!4 &7754145789991044677 stripped
Transform:
  m_CorrespondingSourceObject: {fileID: 7726866055645747997, guid: 456a1fb017cdf1a4bac65c07e255e098, type: 3}
  m_PrefabInstance: {fileID: 47029678967889240}
  m_PrefabAsset: {fileID: 0}
--- !u!4 &3606685823285126041 stripped
Transform:
  m_CorrespondingSourceObject: {fileID: 3650889447048806081, guid: 456a1fb017cdf1a4bac65c07e255e098, type: 3}
  m_PrefabInstance: {fileID: 47029678967889240}
  m_PrefabAsset: {fileID: 0}
--- !u!4 &5834238775988866172 stripped
Transform:
  m_CorrespondingSourceObject: {fileID: -3436118426380644060, guid: 456a1fb017cdf1a4bac65c07e255e098, type: 3}
  m_PrefabInstance: {fileID: 47029678967889240}
  m_PrefabAsset: {fileID: 0}
--- !u!4 &962288017961638725 stripped
Transform:
  m_CorrespondingSourceObject: {fileID: -8215217846834182627, guid: 456a1fb017cdf1a4bac65c07e255e098, type: 3}
  m_PrefabInstance: {fileID: 47029678967889240}
  m_PrefabAsset: {fileID: 0}
--- !u!4 &8187667201240241122 stripped
Transform:
  m_CorrespondingSourceObject: {fileID: -1078758560252129606, guid: 456a1fb017cdf1a4bac65c07e255e098, type: 3}
  m_PrefabInstance: {fileID: 47029678967889240}
  m_PrefabAsset: {fileID: 0}
--- !u!4 &3443051899783090705 stripped
Transform:
  m_CorrespondingSourceObject: {fileID: 3418012539538509641, guid: 456a1fb017cdf1a4bac65c07e255e098, type: 3}
  m_PrefabInstance: {fileID: 47029678967889240}
  m_PrefabAsset: {fileID: 0}
--- !u!4 &6919882755813573112 stripped
Transform:
  m_CorrespondingSourceObject: {fileID: 6966868007353490592, guid: 456a1fb017cdf1a4bac65c07e255e098, type: 3}
  m_PrefabInstance: {fileID: 47029678967889240}
  m_PrefabAsset: {fileID: 0}
--- !u!1 &2667821782879238657 stripped
GameObject:
  m_CorrespondingSourceObject: {fileID: -6511900527857965223, guid: 456a1fb017cdf1a4bac65c07e255e098, type: 3}
  m_PrefabInstance: {fileID: 47029678967889240}
  m_PrefabAsset: {fileID: 0}
--- !u!4 &6182727303487985842 stripped
Transform:
  m_CorrespondingSourceObject: {fileID: 6154837977840911850, guid: 456a1fb017cdf1a4bac65c07e255e098, type: 3}
  m_PrefabInstance: {fileID: 47029678967889240}
  m_PrefabAsset: {fileID: 0}
--- !u!4 &8027295614586658672 stripped
Transform:
  m_CorrespondingSourceObject: {fileID: 8052924225946976808, guid: 456a1fb017cdf1a4bac65c07e255e098, type: 3}
  m_PrefabInstance: {fileID: 47029678967889240}
  m_PrefabAsset: {fileID: 0}
--- !u!4 &6344457222942898281 stripped
Transform:
  m_CorrespondingSourceObject: {fileID: -2834137435390859983, guid: 456a1fb017cdf1a4bac65c07e255e098, type: 3}
  m_PrefabInstance: {fileID: 47029678967889240}
  m_PrefabAsset: {fileID: 0}
--- !u!4 &3203261916306093897 stripped
Transform:
  m_CorrespondingSourceObject: {fileID: 3230013884265802257, guid: 456a1fb017cdf1a4bac65c07e255e098, type: 3}
  m_PrefabInstance: {fileID: 47029678967889240}
  m_PrefabAsset: {fileID: 0}
--- !u!4 &6161432122617270418 stripped
Transform:
  m_CorrespondingSourceObject: {fileID: 6135830001548824010, guid: 456a1fb017cdf1a4bac65c07e255e098, type: 3}
  m_PrefabInstance: {fileID: 47029678967889240}
  m_PrefabAsset: {fileID: 0}
--- !u!95 &6629670374693401625
Animator:
  serializedVersion: 3
  m_ObjectHideFlags: 0
  m_CorrespondingSourceObject: {fileID: 0}
  m_PrefabInstance: {fileID: 0}
  m_PrefabAsset: {fileID: 0}
  m_GameObject: {fileID: 893538944313270281}
  m_Enabled: 1
  m_Avatar: {fileID: 0}
  m_Controller: {fileID: 9100000, guid: 858c7c69acba4a24b91f1101c24b4a04, type: 2}
  m_CullingMode: 0
  m_UpdateMode: 0
  m_ApplyRootMotion: 0
  m_LinearVelocityBlending: 0
  m_WarningMessage: 
  m_HasTransformHierarchy: 1
  m_AllowConstantClipSamplingOptimization: 1
  m_KeepAnimatorControllerStateOnDisable: 0
--- !u!114 &4438695693240271768
MonoBehaviour:
  m_ObjectHideFlags: 0
  m_CorrespondingSourceObject: {fileID: 0}
  m_PrefabInstance: {fileID: 0}
  m_PrefabAsset: {fileID: 0}
  m_GameObject: {fileID: 893538944313270281}
  m_Enabled: 1
  m_EditorHideFlags: 0
  m_Script: {fileID: 11500000, guid: b2d8418b0b9634b1892b0268dd9c2743, type: 3}
  m_Name: 
  m_EditorClassIdentifier: 
  boneShape: 1
  drawBones: 1
  drawTripods: 0
  boneSize: 1
  tripodSize: 1
  boneColor: {r: 0, g: 0, b: 1, a: 0.5}
  m_Transforms:
  - {fileID: 8027295614586658672}
  - {fileID: 6344457222942898281}
  - {fileID: 7570022701878733566}
  - {fileID: 449909072135322329}
  - {fileID: 553709800630030330}
  - {fileID: 7148834608004578764}
  - {fileID: 6163994436943529665}
  - {fileID: 7250450750619117912}
  - {fileID: 5236469687689641852}
  - {fileID: 6919882755813573112}
  - {fileID: 1123962663520986157}
  - {fileID: 205284790160058684}
  - {fileID: 4076476042981131229}
  - {fileID: 1390091412018887626}
  - {fileID: 6182727303487985842}
  - {fileID: 3203261916306093897}
  - {fileID: 6161432122617270418}
  - {fileID: 3154930471268886406}
  - {fileID: 349807009696850058}
  - {fileID: 4427286339368682272}
  - {fileID: 7610067455449175157}
  - {fileID: 5315102090033640255}
  - {fileID: 5700987811626690689}
  - {fileID: 911719050117711788}
  - {fileID: 1342959250489345179}
  - {fileID: 1695540133954448163}
  - {fileID: 4159914578329955698}
  - {fileID: 5808244481350304931}
  - {fileID: 3392975479005205683}
  - {fileID: 6623058804860469234}
  - {fileID: 8283676560896620556}
  - {fileID: 8008851558191367823}
  - {fileID: 8718971209448047528}
  - {fileID: 4719257410112051578}
  - {fileID: 9031149353481249004}
  - {fileID: 6784714852870782853}
  - {fileID: 2136996165188708965}
  - {fileID: 4291699902541658481}
  - {fileID: 336345090420432254}
  - {fileID: 1982999497489262981}
  - {fileID: 6873613502484871672}
  - {fileID: 3379030017127846029}
  - {fileID: 3895499686383631996}
  - {fileID: 8816445109115223475}
  - {fileID: 8023741339406340814}
  - {fileID: 7831873831749983883}
  - {fileID: 262102422288378385}
  - {fileID: 2981155499830507757}
  - {fileID: 1517981874099346699}
  - {fileID: 1453200701564673078}
  - {fileID: 962288017961638725}
  - {fileID: 5116053921052149680}
  - {fileID: 9201498879764545479}
  - {fileID: 4027619200296038981}
  - {fileID: 7018257341476065204}
  - {fileID: 8175267438686683482}
  - {fileID: 476961827983305921}
  - {fileID: 4634889092603173733}
  - {fileID: 6616296150928943969}
  - {fileID: 1855784308892951073}
  - {fileID: 5190862703557118843}
  - {fileID: 1115573746019881944}
  - {fileID: 5640551878334663088}
  - {fileID: 5204654463230955129}
  - {fileID: 1273177157492281865}
  - {fileID: 1781900968455313304}
  - {fileID: 2069626944002808036}
  - {fileID: 5183799575756872493}
  - {fileID: 7453439912372756616}
  - {fileID: 6110007722529846333}
  - {fileID: 2184066003027055769}
  - {fileID: 8868809368932088613}
  - {fileID: 8328677844818642176}
  - {fileID: 9208214406396001272}
  - {fileID: 7226587293657323239}
  - {fileID: 9063691356552885247}
  - {fileID: 2391072875354313569}
  - {fileID: 1868959823645898201}
  - {fileID: 8519808972464984345}
  - {fileID: 7754145789991044677}
  - {fileID: 3606685823285126041}
  - {fileID: 3443051899783090705}
  - {fileID: 5834238775988866172}
  - {fileID: 8187667201240241122}
  - {fileID: 5613233715013304878}
  - {fileID: 7447909367966803037}
  - {fileID: 8482163809084588779}
  - {fileID: 1311305860431084002}
  - {fileID: 3286558846590972888}
  - {fileID: 1525283844024162600}
  - {fileID: 2914795886580503571}
  - {fileID: 7290696593949623042}
  - {fileID: 8828880235588240438}
  - {fileID: 441863591088376100}
  - {fileID: 6407489820676082404}
  - {fileID: 6492691247303732490}
  - {fileID: 7548766380089959710}
  - {fileID: 5616006260813285987}
  - {fileID: 5400860769573675781}
  - {fileID: 8287611186038646511}
  - {fileID: 5631032014912201507}
  - {fileID: 5971579371506244363}
--- !u!114 &8133708840894677908
MonoBehaviour:
  m_ObjectHideFlags: 0
  m_CorrespondingSourceObject: {fileID: 0}
  m_PrefabInstance: {fileID: 0}
  m_PrefabAsset: {fileID: 0}
  m_GameObject: {fileID: 893538944313270281}
  m_Enabled: 1
  m_EditorHideFlags: 0
  m_Script: {fileID: 11500000, guid: 4fdc4d478807e464e8aab98ea39e908f, type: 3}
  m_Name: 
  m_EditorClassIdentifier: 
--- !u!65 &4971753453712002771
BoxCollider:
  m_ObjectHideFlags: 0
  m_CorrespondingSourceObject: {fileID: 0}
  m_PrefabInstance: {fileID: 0}
  m_PrefabAsset: {fileID: 0}
  m_GameObject: {fileID: 2667821782879238657}
  m_Material: {fileID: 0}
  m_IsTrigger: 0
  m_Enabled: 1
  serializedVersion: 2
  m_Size: {x: 0.025676584, y: 0.02387429, z: 0.013695197}
  m_Center: {x: -6.154956e-14, y: -0.001474182, z: 7.1157208e-12}
--- !u!114 &4567925696882500798
MonoBehaviour:
  m_ObjectHideFlags: 0
  m_CorrespondingSourceObject: {fileID: 0}
  m_PrefabInstance: {fileID: 0}
  m_PrefabAsset: {fileID: 0}
  m_GameObject: {fileID: 2667821782879238657}
  m_Enabled: 1
  m_EditorHideFlags: 0
  m_Script: {fileID: 11500000, guid: 8df600e3df8db0841819d79e227898fa, type: 3}
  m_Name: 
  m_EditorClassIdentifier: 
  DamageType: 0
  isTargeted: 0
  isDead: 0
  DoNotInclude: 0
  boneRender: {fileID: 0}
  atkP: {fileID: 0}
--- !u!114 &7329812217722222511
MonoBehaviour:
  m_ObjectHideFlags: 0
  m_CorrespondingSourceObject: {fileID: 0}
  m_PrefabInstance: {fileID: 0}
  m_PrefabAsset: {fileID: 0}
  m_GameObject: {fileID: 3595203146020898318}
  m_Enabled: 1
  m_EditorHideFlags: 0
  m_Script: {fileID: 11500000, guid: e76b770d2bf756542b0cfe6cf62e5067, type: 3}
  m_Name: 
  m_EditorClassIdentifier: 
  Eye: {fileID: 8805051686391407193}
  Lip: {fileID: 9080173400814337134}
  Eyes:
  - {fileID: 2800000, guid: 0234df8c0f6bc7b47a8536cf2a4c9081, type: 3}
  - {fileID: 2800000, guid: 88b54dcf6b149ec439dc4183d9b350a5, type: 3}
  Lips:
  - {fileID: 2800000, guid: c1b53a6446fbfe045b83c27d8db4f393, type: 3}
  - {fileID: 2800000, guid: b79207ba5b0623044afe9f18aeb67f3b, type: 3}
  TimeStamp: 2
--- !u!65 &2006103937433377599
BoxCollider:
  m_ObjectHideFlags: 0
  m_CorrespondingSourceObject: {fileID: 0}
  m_PrefabInstance: {fileID: 0}
  m_PrefabAsset: {fileID: 0}
  m_GameObject: {fileID: 4773136309275235228}
  m_Material: {fileID: 0}
  m_IsTrigger: 0
  m_Enabled: 1
  serializedVersion: 2
  m_Size: {x: 0.023706408, y: 0.024694381, z: 0.01}
  m_Center: {x: 0.00005652139, y: 0.010851178, z: -1.024445e-11}
--- !u!114 &1486285413006945520
MonoBehaviour:
  m_ObjectHideFlags: 0
  m_CorrespondingSourceObject: {fileID: 0}
  m_PrefabInstance: {fileID: 0}
  m_PrefabAsset: {fileID: 0}
  m_GameObject: {fileID: 4773136309275235228}
  m_Enabled: 1
  m_EditorHideFlags: 0
  m_Script: {fileID: 11500000, guid: 8df600e3df8db0841819d79e227898fa, type: 3}
  m_Name: 
  m_EditorClassIdentifier: 
  DamageType: 1
  isTargeted: 0
  isDead: 0
  DoNotInclude: 0
  boneRender: {fileID: 0}
  atkP: {fileID: 0}
--- !u!65 &8761381425443886753
BoxCollider:
  m_ObjectHideFlags: 0
  m_CorrespondingSourceObject: {fileID: 0}
  m_PrefabInstance: {fileID: 0}
  m_PrefabAsset: {fileID: 0}
  m_GameObject: {fileID: 7394179790307425152}
  m_Material: {fileID: 0}
  m_IsTrigger: 0
  m_Enabled: 1
  serializedVersion: 2
  m_Size: {x: 0.021472486, y: 0.03380414, z: 0.018336993}
  m_Center: {x: -0.0037477745, y: 0.019902032, z: -4.3534634e-11}
--- !u!114 &247494753437197296
MonoBehaviour:
  m_ObjectHideFlags: 0
  m_CorrespondingSourceObject: {fileID: 0}
  m_PrefabInstance: {fileID: 0}
  m_PrefabAsset: {fileID: 0}
  m_GameObject: {fileID: 7394179790307425152}
  m_Enabled: 1
  m_EditorHideFlags: 0
  m_Script: {fileID: 11500000, guid: 8df600e3df8db0841819d79e227898fa, type: 3}
  m_Name: 
  m_EditorClassIdentifier: 
  DamageType: 2
  isTargeted: 0
  isDead: 0
  DoNotInclude: 0
  boneRender: {fileID: 0}
  atkP: {fileID: 0}
--- !u!1001 &1043377868933138762
PrefabInstance:
  m_ObjectHideFlags: 0
  serializedVersion: 2
  m_Modification:
    m_TransformParent: {fileID: 2235403104807472753}
    m_Modifications:
    - target: {fileID: 3803328749002713178, guid: 9b3b0137483b18e4fbdd4d4b184db641, type: 3}
      propertyPath: InitialModule.startRotationX.minMaxState
      value: 3
      objectReference: {fileID: 0}
    - target: {fileID: 3803328749002713178, guid: 9b3b0137483b18e4fbdd4d4b184db641, type: 3}
      propertyPath: InitialModule.startRotationY.minMaxState
      value: 3
      objectReference: {fileID: 0}
    - target: {fileID: 3803328749002713178, guid: 9b3b0137483b18e4fbdd4d4b184db641, type: 3}
      propertyPath: EmissionModule.m_Bursts.Array.data[0].countCurve.scalar
      value: 2
      objectReference: {fileID: 0}
    - target: {fileID: 3803328749002806516, guid: 9b3b0137483b18e4fbdd4d4b184db641, type: 3}
      propertyPath: EmissionModule.m_Bursts.Array.data[0].countCurve.scalar
      value: 1
      objectReference: {fileID: 0}
    - target: {fileID: 3803328749021783494, guid: 9b3b0137483b18e4fbdd4d4b184db641, type: 3}
      propertyPath: m_Name
      value: StunnedCirclingStars
      objectReference: {fileID: 0}
    - target: {fileID: 3803328749022189812, guid: 9b3b0137483b18e4fbdd4d4b184db641, type: 3}
      propertyPath: m_RootOrder
      value: 1
      objectReference: {fileID: 0}
    - target: {fileID: 3803328749022189812, guid: 9b3b0137483b18e4fbdd4d4b184db641, type: 3}
      propertyPath: m_LocalScale.x
      value: 0.7
      objectReference: {fileID: 0}
    - target: {fileID: 3803328749022189812, guid: 9b3b0137483b18e4fbdd4d4b184db641, type: 3}
      propertyPath: m_LocalScale.y
      value: 0.7
      objectReference: {fileID: 0}
    - target: {fileID: 3803328749022189812, guid: 9b3b0137483b18e4fbdd4d4b184db641, type: 3}
      propertyPath: m_LocalScale.z
      value: 0.7
      objectReference: {fileID: 0}
    - target: {fileID: 3803328749022189812, guid: 9b3b0137483b18e4fbdd4d4b184db641, type: 3}
      propertyPath: m_LocalPosition.x
      value: 0
      objectReference: {fileID: 0}
    - target: {fileID: 3803328749022189812, guid: 9b3b0137483b18e4fbdd4d4b184db641, type: 3}
      propertyPath: m_LocalPosition.y
      value: 2.39
      objectReference: {fileID: 0}
    - target: {fileID: 3803328749022189812, guid: 9b3b0137483b18e4fbdd4d4b184db641, type: 3}
      propertyPath: m_LocalPosition.z
      value: 0
      objectReference: {fileID: 0}
    - target: {fileID: 3803328749022189812, guid: 9b3b0137483b18e4fbdd4d4b184db641, type: 3}
      propertyPath: m_LocalRotation.w
      value: 0.7071068
      objectReference: {fileID: 0}
    - target: {fileID: 3803328749022189812, guid: 9b3b0137483b18e4fbdd4d4b184db641, type: 3}
      propertyPath: m_LocalRotation.x
      value: -0.7071068
      objectReference: {fileID: 0}
    - target: {fileID: 3803328749022189812, guid: 9b3b0137483b18e4fbdd4d4b184db641, type: 3}
      propertyPath: m_LocalRotation.y
      value: 0
      objectReference: {fileID: 0}
    - target: {fileID: 3803328749022189812, guid: 9b3b0137483b18e4fbdd4d4b184db641, type: 3}
      propertyPath: m_LocalRotation.z
      value: 0
      objectReference: {fileID: 0}
    - target: {fileID: 3803328749022189812, guid: 9b3b0137483b18e4fbdd4d4b184db641, type: 3}
      propertyPath: m_LocalEulerAnglesHint.x
      value: -90.00001
      objectReference: {fileID: 0}
    - target: {fileID: 3803328749022189812, guid: 9b3b0137483b18e4fbdd4d4b184db641, type: 3}
      propertyPath: m_LocalEulerAnglesHint.y
      value: 0
      objectReference: {fileID: 0}
    - target: {fileID: 3803328749022189812, guid: 9b3b0137483b18e4fbdd4d4b184db641, type: 3}
      propertyPath: m_LocalEulerAnglesHint.z
      value: 0
      objectReference: {fileID: 0}
    m_RemovedComponents: []
  m_SourcePrefab: {fileID: 100100000, guid: 9b3b0137483b18e4fbdd4d4b184db641, type: 3}
--- !u!4 &4229709066386805182 stripped
Transform:
  m_CorrespondingSourceObject: {fileID: 3803328749022189812, guid: 9b3b0137483b18e4fbdd4d4b184db641, type: 3}
  m_PrefabInstance: {fileID: 1043377868933138762}
  m_PrefabAsset: {fileID: 0}
--- !u!198 &4229709066367425982 stripped
ParticleSystem:
  m_CorrespondingSourceObject: {fileID: 3803328749002806516, guid: 9b3b0137483b18e4fbdd4d4b184db641, type: 3}
  m_PrefabInstance: {fileID: 1043377868933138762}
  m_PrefabAsset: {fileID: 0}
--- !u!1001 &4472247185343639976
PrefabInstance:
  m_ObjectHideFlags: 0
  serializedVersion: 2
  m_Modification:
    m_TransformParent: {fileID: 2235403104807472753}
    m_Modifications:
    - target: {fileID: 5763240214082557925, guid: 80c743aa3b0527442b40ade98bb26a77, type: 3}
      propertyPath: m_RootOrder
      value: 0
      objectReference: {fileID: 0}
    - target: {fileID: 5763240214082557925, guid: 80c743aa3b0527442b40ade98bb26a77, type: 3}
      propertyPath: m_LocalPosition.x
      value: 0
      objectReference: {fileID: 0}
    - target: {fileID: 5763240214082557925, guid: 80c743aa3b0527442b40ade98bb26a77, type: 3}
      propertyPath: m_LocalPosition.y
      value: 0
      objectReference: {fileID: 0}
    - target: {fileID: 5763240214082557925, guid: 80c743aa3b0527442b40ade98bb26a77, type: 3}
      propertyPath: m_LocalPosition.z
      value: 0
      objectReference: {fileID: 0}
    - target: {fileID: 5763240214082557925, guid: 80c743aa3b0527442b40ade98bb26a77, type: 3}
      propertyPath: m_LocalRotation.w
      value: 0.7071068
      objectReference: {fileID: 0}
    - target: {fileID: 5763240214082557925, guid: 80c743aa3b0527442b40ade98bb26a77, type: 3}
      propertyPath: m_LocalRotation.x
      value: -0.7071068
      objectReference: {fileID: 0}
    - target: {fileID: 5763240214082557925, guid: 80c743aa3b0527442b40ade98bb26a77, type: 3}
      propertyPath: m_LocalRotation.y
      value: 0
      objectReference: {fileID: 0}
    - target: {fileID: 5763240214082557925, guid: 80c743aa3b0527442b40ade98bb26a77, type: 3}
      propertyPath: m_LocalRotation.z
      value: 0
      objectReference: {fileID: 0}
    - target: {fileID: 5763240214082557925, guid: 80c743aa3b0527442b40ade98bb26a77, type: 3}
      propertyPath: m_LocalEulerAnglesHint.x
      value: -90
      objectReference: {fileID: 0}
    - target: {fileID: 5763240214082557925, guid: 80c743aa3b0527442b40ade98bb26a77, type: 3}
      propertyPath: m_LocalEulerAnglesHint.y
      value: 0
      objectReference: {fileID: 0}
    - target: {fileID: 5763240214082557925, guid: 80c743aa3b0527442b40ade98bb26a77, type: 3}
      propertyPath: m_LocalEulerAnglesHint.z
      value: 0
      objectReference: {fileID: 0}
    - target: {fileID: 5763240214082869093, guid: 80c743aa3b0527442b40ade98bb26a77, type: 3}
      propertyPath: m_Name
      value: HealOnceLoop
      objectReference: {fileID: 0}
    - target: {fileID: 5763240214082869093, guid: 80c743aa3b0527442b40ade98bb26a77, type: 3}
      propertyPath: m_IsActive
      value: 0
      objectReference: {fileID: 0}
    m_RemovedComponents: []
  m_SourcePrefab: {fileID: 100100000, guid: 80c743aa3b0527442b40ade98bb26a77, type: 3}
--- !u!4 &8208858628674217549 stripped
Transform:
  m_CorrespondingSourceObject: {fileID: 5763240214082557925, guid: 80c743aa3b0527442b40ade98bb26a77, type: 3}
  m_PrefabInstance: {fileID: 4472247185343639976}
  m_PrefabAsset: {fileID: 0}
--- !u!198 &8208858628660090153 stripped
ParticleSystem:
  m_CorrespondingSourceObject: {fileID: 5763240214064178305, guid: 80c743aa3b0527442b40ade98bb26a77, type: 3}
  m_PrefabInstance: {fileID: 4472247185343639976}
  m_PrefabAsset: {fileID: 0}
--- !u!1001 &4960856839107770048
PrefabInstance:
  m_ObjectHideFlags: 0
  serializedVersion: 2
  m_Modification:
    m_TransformParent: {fileID: 9149846259891340026}
    m_Modifications:
    - target: {fileID: -8679921383154817045, guid: 456a1fb017cdf1a4bac65c07e255e098, type: 3}
      propertyPath: m_RootOrder
      value: 0
      objectReference: {fileID: 0}
    - target: {fileID: -8679921383154817045, guid: 456a1fb017cdf1a4bac65c07e255e098, type: 3}
      propertyPath: m_LocalScale.x
      value: 35
      objectReference: {fileID: 0}
    - target: {fileID: -8679921383154817045, guid: 456a1fb017cdf1a4bac65c07e255e098, type: 3}
      propertyPath: m_LocalScale.y
      value: 35
      objectReference: {fileID: 0}
    - target: {fileID: -8679921383154817045, guid: 456a1fb017cdf1a4bac65c07e255e098, type: 3}
      propertyPath: m_LocalScale.z
      value: 35
      objectReference: {fileID: 0}
    - target: {fileID: -8679921383154817045, guid: 456a1fb017cdf1a4bac65c07e255e098, type: 3}
      propertyPath: m_LocalPosition.x
      value: 0
      objectReference: {fileID: 0}
    - target: {fileID: -8679921383154817045, guid: 456a1fb017cdf1a4bac65c07e255e098, type: 3}
      propertyPath: m_LocalPosition.y
      value: 0
      objectReference: {fileID: 0}
    - target: {fileID: -8679921383154817045, guid: 456a1fb017cdf1a4bac65c07e255e098, type: 3}
      propertyPath: m_LocalPosition.z
      value: 0
      objectReference: {fileID: 0}
    - target: {fileID: -8679921383154817045, guid: 456a1fb017cdf1a4bac65c07e255e098, type: 3}
      propertyPath: m_LocalRotation.w
      value: 1
      objectReference: {fileID: 0}
    - target: {fileID: -8679921383154817045, guid: 456a1fb017cdf1a4bac65c07e255e098, type: 3}
      propertyPath: m_LocalRotation.x
      value: 0
      objectReference: {fileID: 0}
    - target: {fileID: -8679921383154817045, guid: 456a1fb017cdf1a4bac65c07e255e098, type: 3}
      propertyPath: m_LocalRotation.y
      value: 0
      objectReference: {fileID: 0}
    - target: {fileID: -8679921383154817045, guid: 456a1fb017cdf1a4bac65c07e255e098, type: 3}
      propertyPath: m_LocalRotation.z
      value: 0
      objectReference: {fileID: 0}
    - target: {fileID: -8679921383154817045, guid: 456a1fb017cdf1a4bac65c07e255e098, type: 3}
      propertyPath: m_LocalEulerAnglesHint.x
      value: 0
      objectReference: {fileID: 0}
    - target: {fileID: -8679921383154817045, guid: 456a1fb017cdf1a4bac65c07e255e098, type: 3}
      propertyPath: m_LocalEulerAnglesHint.y
      value: 0
      objectReference: {fileID: 0}
    - target: {fileID: -8679921383154817045, guid: 456a1fb017cdf1a4bac65c07e255e098, type: 3}
      propertyPath: m_LocalEulerAnglesHint.z
      value: 0
      objectReference: {fileID: 0}
    - target: {fileID: 919132149155446097, guid: 456a1fb017cdf1a4bac65c07e255e098, type: 3}
      propertyPath: m_Name
      value: Face Priest Black Inactive
      objectReference: {fileID: 0}
    - target: {fileID: 4820706019165635385, guid: 456a1fb017cdf1a4bac65c07e255e098, type: 3}
      propertyPath: m_IsActive
      value: 0
      objectReference: {fileID: 0}
    m_RemovedComponents: []
  m_SourcePrefab: {fileID: 100100000, guid: 456a1fb017cdf1a4bac65c07e255e098, type: 3}
--- !u!1 &5195439638228552593 stripped
GameObject:
  m_CorrespondingSourceObject: {fileID: 919132149155446097, guid: 456a1fb017cdf1a4bac65c07e255e098, type: 3}
  m_PrefabInstance: {fileID: 4960856839107770048}
  m_PrefabAsset: {fileID: 0}
--- !u!4 &4851001869195579691 stripped
Transform:
  m_CorrespondingSourceObject: {fileID: -8679921383154817045, guid: 456a1fb017cdf1a4bac65c07e255e098, type: 3}
  m_PrefabInstance: {fileID: 4960856839107770048}
  m_PrefabAsset: {fileID: 0}
--- !u!95 &8032298387863614182
Animator:
  serializedVersion: 3
  m_ObjectHideFlags: 0
  m_CorrespondingSourceObject: {fileID: 0}
  m_PrefabInstance: {fileID: 0}
  m_PrefabAsset: {fileID: 0}
  m_GameObject: {fileID: 5195439638228552593}
  m_Enabled: 1
  m_Avatar: {fileID: 0}
  m_Controller: {fileID: 9100000, guid: 0914d7f52d37c60458590d53ef6719de, type: 2}
  m_CullingMode: 0
  m_UpdateMode: 0
  m_ApplyRootMotion: 0
  m_LinearVelocityBlending: 0
  m_WarningMessage: 
  m_HasTransformHierarchy: 1
  m_AllowConstantClipSamplingOptimization: 1
  m_KeepAnimatorControllerStateOnDisable: 0
--- !u!1001 &7154059926123780515
PrefabInstance:
  m_ObjectHideFlags: 0
  serializedVersion: 2
  m_Modification:
    m_TransformParent: {fileID: 6281379906756493561}
    m_Modifications:
    - target: {fileID: 2042982378061757588, guid: 750b491bfac3bf4419207c88ac614563, type: 3}
      propertyPath: playOnAwake
      value: 0
      objectReference: {fileID: 0}
    - target: {fileID: 2042982378061823492, guid: 750b491bfac3bf4419207c88ac614563, type: 3}
      propertyPath: playOnAwake
      value: 0
      objectReference: {fileID: 0}
    - target: {fileID: 2205487394280670544, guid: 750b491bfac3bf4419207c88ac614563, type: 3}
      propertyPath: playOnAwake
      value: 0
      objectReference: {fileID: 0}
    - target: {fileID: 7262822749195092520, guid: 750b491bfac3bf4419207c88ac614563, type: 3}
      propertyPath: playOnAwake
      value: 0
      objectReference: {fileID: 0}
    - target: {fileID: 7262822749195105326, guid: 750b491bfac3bf4419207c88ac614563, type: 3}
      propertyPath: playOnAwake
      value: 0
      objectReference: {fileID: 0}
    - target: {fileID: 7262822749195181610, guid: 750b491bfac3bf4419207c88ac614563, type: 3}
      propertyPath: playOnAwake
      value: 0
      objectReference: {fileID: 0}
    - target: {fileID: 7262822749210119332, guid: 750b491bfac3bf4419207c88ac614563, type: 3}
      propertyPath: m_Name
      value: MagicNovaBlue
      objectReference: {fileID: 0}
    - target: {fileID: 7262822749210409956, guid: 750b491bfac3bf4419207c88ac614563, type: 3}
      propertyPath: m_RootOrder
      value: 1
      objectReference: {fileID: 0}
    - target: {fileID: 7262822749210409956, guid: 750b491bfac3bf4419207c88ac614563, type: 3}
      propertyPath: m_LocalScale.x
      value: 1.8131082
      objectReference: {fileID: 0}
    - target: {fileID: 7262822749210409956, guid: 750b491bfac3bf4419207c88ac614563, type: 3}
      propertyPath: m_LocalScale.y
      value: 1.8131082
      objectReference: {fileID: 0}
    - target: {fileID: 7262822749210409956, guid: 750b491bfac3bf4419207c88ac614563, type: 3}
      propertyPath: m_LocalPosition.x
      value: 0
      objectReference: {fileID: 0}
    - target: {fileID: 7262822749210409956, guid: 750b491bfac3bf4419207c88ac614563, type: 3}
      propertyPath: m_LocalPosition.y
      value: 0.035852138
      objectReference: {fileID: 0}
    - target: {fileID: 7262822749210409956, guid: 750b491bfac3bf4419207c88ac614563, type: 3}
      propertyPath: m_LocalPosition.z
      value: 0
      objectReference: {fileID: 0}
    - target: {fileID: 7262822749210409956, guid: 750b491bfac3bf4419207c88ac614563, type: 3}
      propertyPath: m_LocalRotation.w
      value: 0.7071068
      objectReference: {fileID: 0}
    - target: {fileID: 7262822749210409956, guid: 750b491bfac3bf4419207c88ac614563, type: 3}
      propertyPath: m_LocalRotation.x
      value: -0.7071068
      objectReference: {fileID: 0}
    - target: {fileID: 7262822749210409956, guid: 750b491bfac3bf4419207c88ac614563, type: 3}
      propertyPath: m_LocalRotation.y
      value: 0
      objectReference: {fileID: 0}
    - target: {fileID: 7262822749210409956, guid: 750b491bfac3bf4419207c88ac614563, type: 3}
      propertyPath: m_LocalRotation.z
      value: 0
      objectReference: {fileID: 0}
    - target: {fileID: 7262822749210409956, guid: 750b491bfac3bf4419207c88ac614563, type: 3}
      propertyPath: m_LocalEulerAnglesHint.x
      value: -90
      objectReference: {fileID: 0}
    - target: {fileID: 7262822749210409956, guid: 750b491bfac3bf4419207c88ac614563, type: 3}
      propertyPath: m_LocalEulerAnglesHint.y
      value: 0
      objectReference: {fileID: 0}
    - target: {fileID: 7262822749210409956, guid: 750b491bfac3bf4419207c88ac614563, type: 3}
      propertyPath: m_LocalEulerAnglesHint.z
      value: 0
      objectReference: {fileID: 0}
    - target: {fileID: 7352301997047350862, guid: 750b491bfac3bf4419207c88ac614563, type: 3}
      propertyPath: playOnAwake
      value: 0
      objectReference: {fileID: 0}
    - target: {fileID: 7353212934641651464, guid: 750b491bfac3bf4419207c88ac614563, type: 3}
      propertyPath: playOnAwake
      value: 0
      objectReference: {fileID: 0}
    m_RemovedComponents: []
  m_SourcePrefab: {fileID: 100100000, guid: 750b491bfac3bf4419207c88ac614563, type: 3}
--- !u!4 &541251461472379463 stripped
Transform:
  m_CorrespondingSourceObject: {fileID: 7262822749210409956, guid: 750b491bfac3bf4419207c88ac614563, type: 3}
  m_PrefabInstance: {fileID: 7154059926123780515}
  m_PrefabAsset: {fileID: 0}
--- !u!198 &541251461453011851 stripped
ParticleSystem:
  m_CorrespondingSourceObject: {fileID: 7262822749195092520, guid: 750b491bfac3bf4419207c88ac614563, type: 3}
  m_PrefabInstance: {fileID: 7154059926123780515}
  m_PrefabAsset: {fileID: 0}
--- !u!1001 &7521636701682580261
PrefabInstance:
  m_ObjectHideFlags: 0
  serializedVersion: 2
  m_Modification:
    m_TransformParent: {fileID: 7412375718397388005}
    m_Modifications:
    - target: {fileID: -8679921383154817045, guid: 456a1fb017cdf1a4bac65c07e255e098, type: 3}
      propertyPath: m_RootOrder
      value: 0
      objectReference: {fileID: 0}
    - target: {fileID: -8679921383154817045, guid: 456a1fb017cdf1a4bac65c07e255e098, type: 3}
      propertyPath: m_LocalScale.x
      value: 35
      objectReference: {fileID: 0}
    - target: {fileID: -8679921383154817045, guid: 456a1fb017cdf1a4bac65c07e255e098, type: 3}
      propertyPath: m_LocalScale.y
      value: 35
      objectReference: {fileID: 0}
    - target: {fileID: -8679921383154817045, guid: 456a1fb017cdf1a4bac65c07e255e098, type: 3}
      propertyPath: m_LocalScale.z
      value: 35
      objectReference: {fileID: 0}
    - target: {fileID: -8679921383154817045, guid: 456a1fb017cdf1a4bac65c07e255e098, type: 3}
      propertyPath: m_LocalPosition.x
      value: 0
      objectReference: {fileID: 0}
    - target: {fileID: -8679921383154817045, guid: 456a1fb017cdf1a4bac65c07e255e098, type: 3}
      propertyPath: m_LocalPosition.y
      value: 0
      objectReference: {fileID: 0}
    - target: {fileID: -8679921383154817045, guid: 456a1fb017cdf1a4bac65c07e255e098, type: 3}
      propertyPath: m_LocalPosition.z
      value: 0
      objectReference: {fileID: 0}
    - target: {fileID: -8679921383154817045, guid: 456a1fb017cdf1a4bac65c07e255e098, type: 3}
      propertyPath: m_LocalRotation.w
      value: 1
      objectReference: {fileID: 0}
    - target: {fileID: -8679921383154817045, guid: 456a1fb017cdf1a4bac65c07e255e098, type: 3}
      propertyPath: m_LocalRotation.x
      value: 0
      objectReference: {fileID: 0}
    - target: {fileID: -8679921383154817045, guid: 456a1fb017cdf1a4bac65c07e255e098, type: 3}
      propertyPath: m_LocalRotation.y
      value: 0
      objectReference: {fileID: 0}
    - target: {fileID: -8679921383154817045, guid: 456a1fb017cdf1a4bac65c07e255e098, type: 3}
      propertyPath: m_LocalRotation.z
      value: 0
      objectReference: {fileID: 0}
    - target: {fileID: -8679921383154817045, guid: 456a1fb017cdf1a4bac65c07e255e098, type: 3}
      propertyPath: m_LocalEulerAnglesHint.x
      value: 0
      objectReference: {fileID: 0}
    - target: {fileID: -8679921383154817045, guid: 456a1fb017cdf1a4bac65c07e255e098, type: 3}
      propertyPath: m_LocalEulerAnglesHint.y
      value: 0
      objectReference: {fileID: 0}
    - target: {fileID: -8679921383154817045, guid: 456a1fb017cdf1a4bac65c07e255e098, type: 3}
      propertyPath: m_LocalEulerAnglesHint.z
      value: 0
      objectReference: {fileID: 0}
    - target: {fileID: 919132149155446097, guid: 456a1fb017cdf1a4bac65c07e255e098, type: 3}
      propertyPath: m_Name
      value: Face Priest Black Inactive
      objectReference: {fileID: 0}
    - target: {fileID: 919132149155446097, guid: 456a1fb017cdf1a4bac65c07e255e098, type: 3}
      propertyPath: m_IsActive
      value: 0
      objectReference: {fileID: 0}
    - target: {fileID: 4820706019165635385, guid: 456a1fb017cdf1a4bac65c07e255e098, type: 3}
      propertyPath: m_IsActive
      value: 0
      objectReference: {fileID: 0}
    m_RemovedComponents: []
  m_SourcePrefab: {fileID: 100100000, guid: 456a1fb017cdf1a4bac65c07e255e098, type: 3}
--- !u!4 &8063837828463320270 stripped
Transform:
  m_CorrespondingSourceObject: {fileID: -8679921383154817045, guid: 456a1fb017cdf1a4bac65c07e255e098, type: 3}
  m_PrefabInstance: {fileID: 7521636701682580261}
  m_PrefabAsset: {fileID: 0}
--- !u!1 &7251729346901673588 stripped
GameObject:
  m_CorrespondingSourceObject: {fileID: 919132149155446097, guid: 456a1fb017cdf1a4bac65c07e255e098, type: 3}
  m_PrefabInstance: {fileID: 7521636701682580261}
  m_PrefabAsset: {fileID: 0}
--- !u!95 &1079908746649166102
Animator:
  serializedVersion: 3
  m_ObjectHideFlags: 0
  m_CorrespondingSourceObject: {fileID: 0}
  m_PrefabInstance: {fileID: 0}
  m_PrefabAsset: {fileID: 0}
  m_GameObject: {fileID: 7251729346901673588}
  m_Enabled: 1
  m_Avatar: {fileID: 0}
  m_Controller: {fileID: 9100000, guid: 858c7c69acba4a24b91f1101c24b4a04, type: 2}
  m_CullingMode: 0
  m_UpdateMode: 0
  m_ApplyRootMotion: 0
  m_LinearVelocityBlending: 0
  m_WarningMessage: 
  m_HasTransformHierarchy: 1
  m_AllowConstantClipSamplingOptimization: 1
  m_KeepAnimatorControllerStateOnDisable: 0
